3625 5534
502 511 578 592 114
908 543 955 592 ru.
975 538 1074 592 naeu
1094 539 1242 593 rraovn

497 716 551 792 sia
569 739 642 793 non
660 725 858 815 amputant,
887 716 955 791 sed
984 724 1144 812 gutture,
1184 724 1387 815 ventroque
1424 715 1612 794 lethaliter

496 840 688 920 vulnerato
707 866 828 938 aures,
865 844 927 918 vel
953 865 1063 919 nares
1092 844 1277 941 cordaque
1306 850 1437 919 erecta
1453 842 1492 918 in
1509 844 1613 920 testi·

495 969 652 1046 monium
670 969 849 1046 victorum
867 994 891 1044 a
910 992 952 1045 se
970 968 1129 1046 hostiurn
1148 993 1271 1048 secum
1289 977 1494 1069 asportant.
1519 970 1613 1046 Sunt

496 1096 655 1173 adhaec
672 1106 767 1188 astu,
795 1119 840 1172 ac
865 1095 1022 1195 perfidia
1048 1096 1133 1195 plus
1161 1120 1269 1194 qnanr
1295 1098 1438 1196 punica,
1466 1105 1506 1174 et
1528 1099 1612 1172 har-

495 1223 601 1319 bara;
618 1247 702 1298 nam
720 1244 801 1297 curn
819 1221 968 1319 aliquod
987 1222 1159 1320 oppidum
1177 1222 1356 1312 obsident,
1374 1223 1613 1299 blandiuntur
1736 1283 1737 1322 ,

495 1349 624 1425 mirum
651 1351 689 1424 in
716 1349 860 1427 modum
888 1348 1100 1449 oppidanis,
1141 1370 1278 1447 eosque
1313 1349 1362 1432 ,ad
1393 1348 1615 1425 deditionem
1736 1326 1737 1341 Ν

495 1475 698 1572 hortantur,
716 1476 901 1572 multaque
919 1476 967 1551 iis
976 1474 1206 1574 pollicentur,
1227 1499 1311 1552 mox
1329 1476 1406 1552 voti
1425 1485 1615 1576 compotes

494 1598 594 1694 iacti,
613 1601 807 1699 promissis
835 1625 907 1675 non
937 1601 1107 1695 servatis,
1135 1610 1263 1701 captos
1292 1623 1419 1678 omues
1438 1601 1486 1678 ad
1504 1625 1614 1677 unum
1736 1599 1737 1642 ¹

461 1728 463 1733 ’
496 1726 631 1823 partim
650 1728 815 1820 caedunt,
834 1727 1026 1824 partimin
1050 1728 1167 1803 diram
1188 1728 1404 1806 servitutem
1430 1729 1614 1826 redigunt.

494 1854 624 1950 Itaque
644 1854 728 1930 dolo
747 1853 877 1949 magis,
898 1877 1008 1950 quarn
1026 1853 1169 1930 viribus
1189 1855 1372 1949 dimicant,
1392 1863 1430 1934 et
1448 1855 1615 1930 incerta·
1736 1911 1737 1956 3

346 2069 350 2076 ¹
493 2002 578 2054 rnen
603 1979 827 2077 descensuri,
857 1979 1027 2077 pernices
1057 1981 1236 2077 quosdam
1265 1980 1408 2077 equites
1440 1978 1615 2080 praemit·
1736 2006 1737 2074 ς

492 2111 583 2200 tunt,
603 2107 665 2203 qui
677 2107 770 2182 nihil
789 2105 946 2202 rapiunt,
967 2105 1195 2203 caeduntque
1214 2129 1361 2204 peoora,
1380 2107 1511 2184 obvios
1526 2108 1615 2182 dun-
1736 2157 1737 2218 3

494 2239 600 2308 taxat
619 2255 783 2330 quosque
803 2233 1032 2323 obtruncant,
1052 2238 1116 2307 aut
1133 2232 1272 2327 fugant,
1292 2239 1377 2332 post
1394 2233 1464 2308 hos
1481 2233 1612 2307 immit·
1736 2223 1737 2234 ¹

491 2366 571 2434 tunt
589 2359 694 2452 alios,
715 2359 778 2458 qui
795 2358 956 2459 praedas
976 2364 1100 2454 agant,
1120 2365 1351 2455 ettamquam
1372 2383 1484 2437 canes
1503 2383 1615 2456 saga·
1736 2371 1737 2374 ’

351 2520 353 2526 v
491 2506 554 2557 ces
573 2484 676 2559 miris
695 2485 839 2561 artibus
858 2484 1014 2560 miseros
1032 2483 1199 2560 homines
1228 2485 1424 2582 inquirant.

600 2609 814 2707 Prospectis
840 2609 1011 2686 hostibus
1039 2609 1143 2685 multi
1170 2634 1216 2687 ex
1247 2611 1393 2708 agmine
1420 2612 1615 2710 prodeunt,

491 2735 554 2832 qui
570 2734 634 2809 ubi
652 2733 700 2809 ad
719 2757 959 2831 congressum
979 2759 1124 2829 venere,
1142 2736 1251 2812 iactis
1261 2738 1380 2813 tribus
1407 2745 1613 2837 quatuorve

489 2860 574 2936 telis
592 2861 760 2960 protinus
778 2862 826 2936 ad
846 2883 934 2938 suos
953 2863 1220 2959 regrediuntur,
1247 2873 1287 2939 ut
1315 2863 1363 2940 ad
1390 2865 1533 2960 positas
1558 2864 1612 2938 in-

490 2987 607 3063 sidias
627 3009 693 3063 eos
718 2987 892 3080 alliciant,
912 2986 948 3060 id
977 2987 1040 3061 ubi
1068 2988 1214 3081 factum,
1243 3010 1309 3064 eos
1328 2989 1523 3064 confestim
1543 2989 1614 3063 cir·
1736 3065 1737 3068 γ

491 3115 731 3205 cumveniunt,
759 3137 805 3190 ac
832 3114 1061 3189 obtruncant
1101 3110 1141 3189 Si
1165 3137 1336 3211 magnum
1365 3114 1550 3190 adversus
1571 3136 1614 3188 se

489 3241 687 3316 exercitum
707 3240 975 3337 conspicantur,
994 3239 1179 3314 declinata
1196 3263 1332 3338 pugna,
1351 3239 1471 3316 triduo
1491 3245 1611 3315 retro·

488 3367 631 3457 cedunt,
651 3372 688 3440 et
706 3364 817 3440 aliam
835 3363 1025 3461 regionem
1060 3364 1234 3462 aggressi
1263 3365 1447 3464 diripiunt,
1476 3365 1515 3439 in
1533 3389 1610 3440 mu·

464 3487 681 3566 'nitissimis
710 3491 929 3587 quandoque
957 3490 1060 3580 locis,
1090 3512 1207 3586 usque
1235 3490 1328 3566 adeo
1354 3497 1553 3582 morantur,
1572 3499 1613 3566 nt

488 3617 624 3710 furtim,
642 3626 680 3692 et
698 3616 965 3715 exinproviso
984 3616 1181 3709 incautum,
1203 3617 1264 3691 vel
1295 3615 1451 3693 divisum
1470 3617 1613 3692 exerci-

489 3753 564 3820 tum
582 3743 741 3819 hostium
760 3741 983 3833 adoriantur.
1012 3741 1206 3841 Principes
1234 3765 1361 3818 eorum
1388 3744 1426 3819 in
1445 3768 1611 3843 pugnarn

487 3893 561 3946 non
579 3870 813 3962 descendunt,
833 3869 900 3944 sed
919 3870 1047 3966 procul
1077 3855 1176 3945 inter
1199 3893 1345 3970 pueros,
1364 3849 1409 3946 ae
1426 3872 1611 3948 foeminas

487 3997 524 4072 in
544 3996 649 4094 equis
667 3996 812 4095 praelia
829 4017 977 4076 suumn
992 4004 1171 4094 spectant.
1191 3996 1419 4096 Quandoque
1437 3997 1558 4090 etiarn,
1569 4005 1612 4073 nt

488 4123 605 4198 maior
624 4122 810 4222 copiarum
829 4145 1001 4198 numerus
1030 4129 1220 4222 appareat,
1249 4124 1406 4200 humana
1434 4125 1540 4221 equis
1560 4125 1611 4200 si·

487 4251 652 4324 mulaera
678 4249 876 4346 imponunt.
914 4248 1025 4324 Hosti
1061 4249 1261 4324 fortissime
1289 4251 1468 4348 pugnanti
1494 4251 1611 4346 fugae

488 4374 840 4474 vianrpateiaciunt,
859 4383 896 4450 et
913 4383 987 4450 tarn
1006 4377 1140 4470 aversi,
1170 4401 1279 4474 quam
1311 4378 1461 4454 adversi
1487 4402 1610 4477 aeque

489 4504 565 4577 tela
583 4503 621 4577 in
639 4503 769 4578 hostes
798 4502 1002 4578 coniiciunt.
1022 4499 1115 4578 Cum
1143 4505 1304 4600 aliquam
1331 4503 1495 4579 invasuri
1522 4514 1613 4581 sunt
1736 4601 1737 4606 Ν

489 4628 686 4724 regionem,
724 4638 920 4728 antequam
949 4630 998 4703 ad
1024 4631 1124 4704 illam
1144 4631 1369 4728 perveniant,
1388 4630 1611 4708 latissimum

490 4778 622 4850 agmen
640 4754 790 4845 faciunt,
818 4756 880 4831 uhi
911 4778 999 4830 vero
1030 4756 1197 4832 adfines
1228 4756 1307 4832 eius
1325 4759 1519 4855 appulsum
1538 4767 1611 4850 est,
1736 4805 1737 4808 π
