3625 5534
424 537 431 551 ·
453 505 531 581 260
834 528 883 580 ro.
904 526 1005 579 naen
1024 528 1172 582 aanovrr

450 700 536 774 dato
554 723 703 796 pugnae
723 701 830 796 signo
849 708 1001 777 strenue
1020 703 1058 776 in
1077 723 1200 777 muros
1219 701 1372 794 irruunt,
1392 709 1431 778 et
1440 702 1582 777 mutuis

449 823 764 900 cohortationibus
773 847 859 901 sese
869 826 1116 901 accendentes
1136 826 1236 901 edita
1255 847 1328 901 non
1345 851 1467 925 parva
1488 829 1579 902 bos·

447 948 537 1032 tium
564 956 693 1044 strage
722 949 925 1024 adruinus
953 973 1071 1046 usque
1093 959 1346 1048 prorumpunt.
1380 951 1582 1028 Resistunt

447 1075 579 1150 urbani
597 1076 809 1167 fortissime,
838 1085 875 1153 et
902 1078 1010 1153 modo
1030 1077 1223 1153 tormentis
1242 1077 1281 1152 in
1299 1087 1450 1155 nostros
1472 1079 1579 1156 deto-

448 1193 549 1290 nant,
581 1202 688 1276 modo
720 1202 907 1299 lapidibus
936 1203 1049 1278 muris
1082 1204 1325 1281 succedentes
1358 1207 1581 1298 vulnerant;

449 1347 538 1424 pars
558 1326 694 1421 gladiis
714 1327 878 1404 eominus
897 1327 1124 1405 desaeviunt
1144 1331 1276 1406 Nostri
1293 1329 1398 1407 initio
1416 1331 1535 1426 fugae
1557 1356 1582 1406 a

451 1447 580 1526 Marco
598 1451 744 1527 Horvdt
772 1475 818 1527 ae
853 1454 989 1528 ceteris
1009 1453 1207 1530 Rascianis
1242 1459 1414 1552 (quorum
1433 1478 1583 1532 summa

448 1576 487 1651 in
505 1599 550 1651 eo
568 1577 667 1653 bello
686 1578 859 1674 apparuit
868 1578 1074 1654 desultoria
1083 1579 1238 1671 levitas)
1248 1582 1358 1674 facto,
1376 1587 1580 1679 postquam

448 1702 575 1778 vident
593 1700 734 1778 nullam
751 1703 1009 1780 laborantibus
1037 1728 1145 1805 opem
1173 1707 1310 1799 afferri,
1337 1716 1446 1802 terga
1476 1707 1581 1798 dant,

449 1836 488 1904 et
505 1827 654 1903 amissis
673 1829 924 1927 compluribus
943 1841 1092 1907 suorum
1109 1831 1149 1904 in
1167 1829 1295 1906 vinens
1315 1853 1357 1906 se
1376 1831 1577 1930 recipiunt.

448 1955 600 2032 Periere
619 1956 657 2030 in
676 1977 720 2030 eo
738 1955 884 2054 praelio
903 1981 984 2032 cum
1004 1957 1069 2032 alii
1096 1957 1305 2055 complures
1324 1958 1496 2033 veterani
1516 1958 1582 2032 mi-

447 2081 545 2158 lites.
563 2081 761 2157 tumetium
770 2079 1059 2181 Subpraefectus
1071 2079 1276 2174 Scotorum,
1296 2083 1358 2179 qui
1377 2083 1577 2180 egregiam

447 2207 485 2282 in
503 2204 684 2305 Lippensi
714 2205 907 2282 obsidione
936 2227 1087 2305 operam
1106 2207 1357 2305 praestiterat,
1396 2214 1433 2281 et
1460 2208 1501 2282 in
1534 2229 1580 2283 eo

446 2330 530 2429 ipso
550 2353 695 2429 quoque
714 2331 858 2428 praelio
878 2355 1017 2407 memor
1047 2333 1171 2428 gentis
1192 2355 1292 2424 suae,
1320 2331 1580 2429 pristinaeque

447 2454 607 2545 virtutis,
625 2454 724 2528 intra
751 2455 972 2530 munitiones
999 2476 1254 2553 prorumpens,
1285 2455 1476 2551 singulare
1505 2458 1582 2531 vir-

448 2578 538 2653 tutis
566 2576 753 2674 specimen
773 2577 950 2652 ediderat.
989 2575 1107 2652 Periit
1129 2576 1267 2652 ibidem
1285 2577 1420 2652 Petrus
1439 2578 1579 2655 Barna

449 2701 588 2794 bdsim,
606 2701 771 2800 peditum
789 2701 1002 2780 Rubeorum
1021 2705 1058 2778 in
1078 2703 1167 2779 sede
1179 2704 1403 2780 Marosiensi
1423 2705 1498 2780 dux
1513 2727 1578 2804 pe

448 2827 658 2914 ritissimns,
686 2827 749 2924 qui
768 2826 852 2902 dum
871 2830 1001 2904 stricto
1020 2829 1146 2922 gladio
1165 2829 1301 2904 milites
1319 2831 1398 2905 alta
1413 2853 1507 2906 voce
1526 2829 1577 2906 ad

448 2952 721 3054 irrumpendum
740 2953 959 3052 fortiterque
969 2956 1206 3052 pugnandum
1217 2955 1442 3046 cohortatur,
1457 2956 1576 3051 globo

447 3079 620 3178 plumbeo
640 3077 776 3154 circum
793 3079 1013 3176 praecordia
1030 3059 1244 3156 transactus
1255 3079 1378 3154 subito
1389 3079 1572 3156 occubuit·

446 3204 505 3279 vir
523 3211 625 3280 certe
642 3210 719 3277 tam
746 3202 897 3301 pietate,
927 3225 1036 3300 quam
1055 3204 1111 3278 rei
1137 3203 1309 3280 militaris
1338 3203 1497 3280 scientia
1525 3203 1575 3280 ad

446 3351 588 3405 omnem
607 3330 863 3427 posteritatem
881 3329 1141 3405 memorabilis.
1181 3327 1328 3428 Corpus
1347 3337 1472 3406 tamen
1492 3329 1574 3406 eius

447 3452 583 3550 raptim
601 3475 649 3528 ex
667 3453 783 3528 ruinis
801 3453 971 3548 relatum,
992 3478 1036 3531 ae
1045 3455 1196 3530 militari
1215 3476 1316 3531 more
1335 3461 1461 3530 terrae
1472 3477 1573 3532 mun-

446 3578 571 3655 datum
589 3577 668 3654 fuit
688 3577 793 3670 Quae
813 3579 898 3656 dum
916 3590 1111 3678 geruntur:
1143 3603 1230 3656 ecce
1257 3602 1386 3656 rursus
1415 3579 1573 3658 Tartari

445 3707 605 3793 affuere3
638 3712 675 3780 et
694 3705 829 3780 castris
855 3705 1024 3804 proxime
1053 3704 1320 3802 adequitantes,
1348 3704 1514 3782 immisso
1534 3705 1572 3780 in

445 3839 594 3908 nostros
617 3831 837 3927 sagittarum
865 3831 1000 3924 nimbo,
1027 3830 1236 3929 pudendum
1263 3831 1302 3906 in
1329 3829 1477 3906 modum
1505 3853 1573 3908 eos

444 3957 494 4032 cd
510 3979 614 4031 arma
631 3968 894 4054 provocavere.
932 3957 991 4032 Ea
1008 3981 1049 4032 re
1078 3958 1162 4033 visa
1178 3956 1370 4055 Princeps,
1399 3957 1572 4053 quamvis

447 4081 559 4156 etiam
576 4088 652 4159 tum
670 4107 694 4157 a
711 4083 936 4179 primoribus
955 4081 1225 4181 prohiberetur,
1245 4081 1438 4180 quominus
1458 4103 1566 4180 erup·

443 4205 579 4284 tionem
605 4206 644 4282 in
664 4209 849 4283 Tartaros
886 4208 968 4283 fieri
995 4207 1237 4306 permitteret,
1265 4213 1391 4284 tamen
1409 4205 1570 4303 indigni·

442 4339 519 4408 tate
536 4332 593 4408 rei
611 4340 742 4425 motus,
760 4333 964 4432 increpatis
976 4331 1177 4410 Procerum
1195 4331 1381 4410 nonnullis
1393 4331 1442 4406 ad
1461 4355 1569 4408 arma

443 4457 667 4551 conclamat,
700 4457 917 4555 eductisque
945 4457 1137 4534 confestim
1166 4455 1352 4554 equitibus
1380 4479 1401 4530 e
1428 4456 1570 4534 castris

443 4583 610 4682 erumpit
649 4583 802 4660 Tartari
828 4583 898 4658 hac
931 4607 972 4660 re
991 4605 1063 4658 non
1081 4580 1230 4660 multum
1251 4581 1371 4658 territi
1389 4581 1570 4680 paulatim

443 4705 597 4800 cedere,
640 4716 885 4806 consertaque
922 4708 1120 4786 identidem
1158 4729 1268 4786 mauu
1297 4713 1446 4782 nostros
1473 4703 1571 4780 insc-
