3625 5534
455 508 534 585 322
838 527 887 579 ro.
908 527 1010 580 nucu
1029 528 1179 581 ussovrr

454 726 653 801 exponere,
681 725 809 780 omues
838 667 1057 779 datervstim
1085 726 1209 779 arcem
1235 703 1506 801 ingrediuntur,
1549 713 1590 778 et

451 854 519 927 per
546 830 782 926 interpretem
811 830 967 927 primum
996 830 1154 904 omnium
1191 829 1378 904 decretum
1406 829 1589 930 Meggye-

451 958 574 1032 siense
601 955 799 1047 refricant,
829 978 901 1053 quo
935 964 1079 1031 cautum
1107 955 1251 1048 fuisset,
1270 979 1316 1030 ue
1335 955 1589 1030 Romaneusis

451 1082 601 1180 Religio
621 1084 807 1181 publicum
829 1080 1011 1158 Varodiui
1039 1083 1254 1158 exercitium
1275 1083 1443 1158 haberet.
1480 1082 1589 1158 Idem

451 1207 573 1285 Albae
593 1208 712 1283 Iuliae
740 1233 821 1283 cum
849 1216 979 1301 antea,
1009 1217 1083 1284 tum
1102 1231 1192 1286 vero
1212 1216 1298 1284 ante
1316 1207 1515 1282 triennium
1534 1208 1589 1280 di-

450 1343 549 1409 serte
578 1342 724 1410 cautum
752 1358 849 1428 esse,
882 1359 929 1410 ne
958 1339 1019 1411 vel
1039 1335 1278 1423 Varadinum,
1308 1335 1370 1410 rel
1399 1334 1474 1409 alio
1494 1358 1586 1432 qno-

449 1482 569 1557 quam,
598 1468 861 1558 praeterquam
890 1461 1028 1536 Albam
1056 1460 1209 1550 Iuliam,
1244 1458 1517 1558 Claudiopolim
1545 1469 1587 1534 et

418 1683 425 1692 .
448 1585 725 1675 Monosterium,
744 1587 909 1662 Iesuitae
928 1597 1083 1685 possent
1106 1587 1300 1662 introduci.
1329 1584 1587 1660 Verumenim-

446 1736 536 1788 vero
554 1713 727 1787 inventos
747 1735 833 1788 esse
852 1712 1032 1811 quosdam
1056 1714 1299 1810 alienigenas,
1319 1713 1513 1811 profugos,
1537 1736 1584 1787 ac

445 1837 660 1927 helluones,
700 1839 762 1935 qui
790 1839 953 1914 decoctis
983 1839 1090 1913 bonis
1125 1837 1293 1936 paternis
1323 1836 1464 1930 ingenti
1493 1860 1581 1912 aere

446 1962 567 2038 alieno
595 1965 779 2062 oppressi,
806 1965 1017 2063 Principem
1044 1961 1319 2061 Sigismundum
1339 1964 1582 2056 accesserint,

445 2088 633 2182 accedes,
662 2113 755 2186 quas
782 2091 863 2166 iure
891 2090 1061 2167 dotalitio
1091 2090 1128 2165 iu
1149 2091 1241 2164 urbe
1260 2097 1390 2165 nostra
1407 2089 1579 2188 posside·

442 2225 536 2308 rent,
566 2238 650 2291 sese
680 2213 884 2292 Catholicis
914 2217 951 2289 in
970 2236 1101 2290 sacros
1120 2237 1209 2290 usus
1229 2237 1472 2290 concessuros
1492 2239 1577 2312 pro·

442 2341 537 2417 fessi
564 2342 650 2436 sint,
687 2342 746 2416 oui
772 2342 828 2417 rei
856 2363 925 2416 nos
954 2341 1160 2438 (inquiunt)
1198 2349 1326 2437 aperte
1354 2341 1578 2416 contradixi-

442 2490 534 2560 mus,
562 2492 609 2542 ac
638 2489 684 2542 ne
702 2467 740 2541 id
759 2467 840 2543 fieri
867 2475 1060 2567 pateretur
1083 2466 1274 2566 Princeps,
1301 2467 1480 2566 promissi
1498 2465 1574 2541 cbi-

440 2591 621 2691 rographi
640 2602 750 2691 atque
769 2594 965 2669 iuramenti
984 2615 1132 2686 memor,
1161 2593 1288 2668 missis
1316 2616 1363 2668 ex
1398 2593 1498 2668 omui
1516 2614 1574 2667 or·

441 2717 564 2810 dinum
574 2743 723 2795 numero
739 2721 831 2796 viris
844 2722 1036 2818 gravibus,
1055 2721 1191 2796 obnixe
1202 2721 1399 2796 oravimus.
1418 2717 1576 2794 Verum-

441 2844 627 2921 enimvero
654 2853 794 2921 tantum
823 2848 943 2938 abest,
972 2855 1012 2921 ut
1039 2847 1214 2944 precibus
1233 2846 1372 2921 nostris
1391 2845 1574 2920 obsecun-

438 2968 624 3066 detestat
632 2971 757 3069 potius
767 2993 814 3045 ex
823 2978 1096 3070 praeconcepto
1114 2972 1270 3068 quodam
1286 2971 1412 3046 furore
1423 2970 1574 3068 legatos

438 3105 587 3172 nostros
613 3097 858 3195 ignominiose
886 3097 1069 3182 habuerit,
1099 3097 1259 3172 fustibus
1296 3096 1444 3193 publice
1472 3099 1574 3172 exci-

437 3225 595 3322 piendos
615 3225 812 3317 curaverit,
832 3227 885 3300 ac'
906 3223 1099 3322 nosipsos
1118 3221 1294 3300 inauditis
1322 3223 1499 3298 conviciis
1517 3225 1573 3300 af·

436 3349 578 3442 fecerit,
616 3357 727 3446 atque
764 3349 950 3424 violenter
978 3349 1050 3423 hoc
1081 3371 1173 3424 onus
1202 3349 1309 3424 nobis
1340 3349 1570 3446 imposuerit.

437 3472 557 3566 Quum
576 3498 665 3549 vero
684 3498 803 3572 nuper
821 3475 1057 3550 mutationem
1078 3473 1315 3572 Principalus
1335 3473 1571 3569 vidissemus,

436 3623 482 3676 ea
500 3599 694 3675 occasione
713 3602 887 3676 utendum
905 3601 988 3692 rati,
1008 3625 1055 3676 ne
1075 3625 1197 3678 annua
1215 3600 1511 3699 praescriptione
1530 3601 1569 3676 iu

434 3727 675 3824 possessione
694 3749 820 3803 earum
839 3727 984 3802 aedium
1004 3725 1318 3821 confirmarentur,
1327 3725 1475 3825 placide
1500 3747 1568 3802 eos

434 3853 698 3949 admonuimus,
717 3864 759 3931 ut
777 3879 823 3931 ea
842 3854 1026 3930 cederent.
1048 3851 1123 3929 Sed
1142 3860 1282 3930 tantum
1293 3854 1412 3946 abest,
1431 3859 1473 3927 ut
1490 3875 1566 3927 mo-

432 3981 519 4056 nitis
537 3983 677 4057 nostris
696 3982 920 4080 paruissent,
954 3987 995 4057 ut
1013 3980 1136 4081 potius
1155 3980 1414 4078 ignominiosis
1435 3977 1565 4054 verbis

433 4108 699 4202 responderint,
726 4109 954 4206 famosisque
981 4108 1120 4184 libellis
1139 4108 1287 4205 publico
1308 4113 1491 4202 suggestu
1509 4105 1566 4180 af·

431 4231 518 4307 fixis
535 4240 612 4308 tam
635 4235 900 4310 contumeliose
928 4235 1200 4327 exacerbariut,
1229 4241 1269 4310 ut
1292 4232 1564 4309 meritissimus

432 4356 577 4462 quidem
596 4360 751 4456 quisque
769 4367 873 4435 tanto
893 4360 1066 4436 dedecori
1084 4359 1237 4436 ferendo
1255 4359 1401 4435 fuisset.
1429 4361 1563 4455 Itaque

431 4482 579 4558 sibimet
597 4495 787 4584 acceptum
805 4486 940 4573 ferant,
969 4486 1143 4584 quicquid
1161 4486 1223 4562 hic
1250 4510 1274 4560 a
1296 4482 1405 4559 uobis
1424 4483 1563 4560 lactum

432 4617 501 4682 est.
524 4611 619 4684 Nam
639 4635 708 4687 nos
727 4611 873 4709 quidem
893 4613 986 4688 nihil
1007 4611 1076 4688 hac
1094 4637 1136 4688 re
1155 4611 1337 4687 adversus
1356 4607 1562 4686 Caesarem

432 4734 688 4828 commisimus,
717 4738 774 4813 cui
794 4738 1024 4836 paratissimi
1054 4761 1201 4837 semper
1219 4758 1356 4830 sumus,
1376 4759 1493 4834 usque
1511 4735 1563 4810 ad
