3625 5534
454 476 534 555 148
701 453 707 463 ’
857 497 1195 553 10.1mo11nanov11

452 676 594 774 equites
614 699 660 750 ex
681 675 778 751 omui
797 696 945 751 suorum
964 698 1115 750 numero
1127 674 1407 770 remotissimos,
1427 697 1580 775 qnorum
1726 676 1727 723 ἓ

450 800 631 898 plerique,
643 823 723 876 curn
741 800 810 874 sub
830 797 1008 895 auspiciis
1029 798 1225 873 Francisoi
1234 800 1387 876 Balassi
1396 801 1580 900 superiori

451 949 540 1002 rere
578 952 601 1003 a
630 925 804 1002 Tartaris
824 923 1011 1000 interfecti
1041 924 1285 1000 barbarorum
1314 935 1416 1003 artes
1435 927 1582 1025 experti

450 1052 588 1143 forent,
625 1074 768 1128 summa
804 1049 961 1125 audacia
997 1049 1035 1124 in
1071 1048 1201 1126 hostes
1236 1050 1482 1128 incurrerunt.
1517 1051 1580 1129 Illi

394 1255 396 1258 ,
453 1177 573 1274 primo
605 1178 697 1273 fuga
712 1174 885 1250 simulata
903 1173 1047 1265 cedere,
1074 1196 1160 1250 mox
1187 1176 1226 1250 in
1244 1175 1401 1253 insidias
1421 1175 1580 1253 collibus

454 1309 576 1377 tectas
595 1310 745 1378 nostros
764 1323 909 1392 summa
926 1301 1058 1378 fraude
1077 1301 1224 1377 illectos
1239 1303 1581 1399 circumventusque

454 1424 503 1501 ad
523 1450 633 1502 unum
651 1426 729 1500 fere
750 1447 877 1499 omnes
905 1424 1152 1500 trucidavere.
1200 1426 1405 1502 Kornisius
1428 1426 1580 1524 cognita

453 1573 498 1625 ex
540 1552 638 1625 fumo
682 1547 936 1645 incendiisque
984 1550 1232 1625 Tartarorum
1290 1552 1578 1650 propinquitate,

450 1674 543 1749 nihil
565 1669 710 1750 omuino
731 1673 861 1747 habuit
879 1673 1078 1771 antiquins,
1099 1697 1208 1772 quam
1234 1682 1275 1751 ut
1293 1698 1363 1750 nec
1381 1677 1578 1773 opinantes

450 1800 643 1875 Barbaros
665 1798 934 1896 exinproviso
963 1800 1201 1897 opprimeret.
1223 1798 1298 1875 Sed
1316 1801 1452 1899 partim
1470 1823 1579 1900 prae·

449 1926 636 2022 cipuorum
655 1923 880 2021 quorundam
900 1923 1051 2018 ducum,
1088 1925 1152 2022 qui
1171 1925 1342 2002 diuturna
1360 1926 1492 2002 militia
1510 1926 1577 2002 ali·

450 2073 560 2148 quam
580 2050 653 2124 sibi
671 2048 830 2126 bellicae
849 2049 905 2124 rei
925 2050 1133 2148 opinionem
1157 2060 1414 2150 conceperant,
1441 2051 1577 2149 partim

451 2197 539 2252 vero
560 2173 719 2271 Georgii
738 2175 876 2268 Rutuli,
905 2175 968 2272 qui
997 2177 1181 2252 secundas
1208 2178 1247 2250 in
1266 2176 1432 2251 exercitu
1450 2185 1579 2275 partes

449 2295 652 2396 obtinebat,
690 2300 995 2398 persuasionibus
1028 2301 1209 2394 inductus,
1247 2301 1578 2377 commodissimam

450 2427 552 2502 illam
573 2426 897 2525 opprimendorum
918 2427 1171 2504 Barbarorum
1191 2428 1423 2503 occasionem
1443 2450 1577 2526 magno

451 2574 530 2628 oum
576 2553 802 2650 reipublicae
850 2550 1069 2651 detrimento
1098 2553 1293 2650 negligere
1331 2562 1483 2629 coactns
1510 2561 1578 2644 est,

450 2677 760 2774 conquerentibus
797 2677 987 2775 plerisque
1026 2678 1259 2754 occasionem
1305 2677 1578 2778 pulcherrimae

451 2804 630 2879 victoriae
660 2803 834 2880 divinitus
853 2805 1004 2880 oblatae
1023 2828 1226 2903 pancorum
1244 2805 1401 2903 perfidia
1419 2830 1465 2880 ac
1482 2804 1578 2879 timi-

450 2928 566 3006 ditate
584 2938 659 3005 tam
679 2929 786 3005 loede
806 2931 1001 3029 corrumpi.
1029 2933 1090 3006 lta
1119 2931 1366 3008 Varadiensis
1390 2931 1577 3006 exercitus

448 3055 572 3129 multis
610 3076 759 3131 suorum
787 3055 938 3130 amissis
967 3055 1167 3154 profligato
1197 3057 1338 3150 similis,
1377 3058 1477 3156 turpi
1495 3078 1578 3133 oum

448 3180 651 3275 ignominia
670 3182 814 3257 domum
834 3181 954 3257 rediit.

955 3382 964 3389 ι
999 3381 1108 3391 ...υ-α-

795 3665 971 3746 OAPVT
1000 3667 1227 3744 SEXTVM.

447 3868 506 3939 De
534 3865 654 3939 reditu
686 3863 941 3956 Tencterorum,
980 3867 1238 3965 concedamque
1275 3866 1369 3940 binis
1398 3868 1573 3944 cladibus.

556 4060 772 4160 Appetebat
808 4062 880 4136 iam
906 4086 1024 4139 annus
1053 4062 1185 4139 salutis
1213 4060 1426 4154 Mnxov„
1446 4064 1572 4141 Danu·

450 4185 608 4284 binaque
655 4185 886 4261 saevissimis
933 4187 1049 4263 totius
1086 4189 1240 4263 brumae
1286 4190 1573 4286 tempestatibus

449 4310 569 4405 magis
603 4332 712 4408 quam
740 4333 900 4407 uuquam
928 4321 1039 4388 antea
1050 4312 1245 4387 durissimo
1265 4315 1353 4410 gelu
1376 4335 1573 4390 concreve-

450 4445 528 4513 rat:
567 4460 647 4513 cum
684 4434 867 4535 Princeps
906 4438 1163 4531 Tartareum,
1201 4438 1396 4513 occasione
1415 4440 1573 4516 contecti

447 4563 537 4638 Istri
568 4562 742 4638 utendum
763 4569 876 4654 ratus,
897 4564 1024 4640 audita
1043 4561 1377 4661 Transalpinornm
1396 4562 1570 4639 inVltra·

446 4686 1572 4788 DanubinasTurcarumorasexpeditione‚circumrenireeos
