<?xml version="1.0" encoding="UTF-8"?>
<!DOCTYPE html PUBLIC "-//W3C//DTD XHTML 1.0 Transitional//EN"
    "http://www.w3.org/TR/xhtml1/DTD/xhtml1-transitional.dtd">
<html xmlns="http://www.w3.org/1999/xhtml" xml:lang="en" lang="en">
 <head>
  <title>
</title>
<meta http-equiv="Content-Type" content="text/html;charset=utf-8" />
  <meta name='ocr-system' content='tesseract 3.04.00' />
  <meta name='ocr-capabilities' content='ocr_page ocr_carea ocr_par ocr_line ocrx_word'/>
</head>
<body>
  <div class='ocr_page' id='page_1' title='image "./magyarhistorija00decsgoog_0158.png"; bbox 0 0 3625 5534; ppageno 0'>
   <div class='ocr_carea' id='block_1_1' title="bbox 496 525 1230 602">
    <p class='ocr_par' dir='ltr' id='par_1_1' title="bbox 496 525 1230 602">
     <span class='ocr_line' id='line_1_1' title="bbox 496 525 1230 602; baseline 0.011 -12"><span class='ocrx_word' id='word_1_1' title='bbox 496 525 546 602; x_wconf 85' lang='lat'><strong>68</strong></span> <span class='ocrx_word' id='word_1_2' title='bbox 894 545 944 596; x_wconf 90' lang='lat' dir='ltr'>ro.</span> <span class='ocrx_word' id='word_1_3' title='bbox 962 545 1064 597; x_wconf 86' lang='grc'><strong>0000</strong></span> <span class='ocrx_word' id='word_1_4' title='bbox 1082 546 1230 598; x_wconf 80' lang='grc'><strong>000000</strong></span> 
     </span>
    </p>
   </div>
   <div class='ocr_carea' id='block_1_2' title="bbox 393 719 1723 4701">
    <p class='ocr_par' dir='ltr' id='par_1_2' title="bbox 393 719 1723 4701">
     <span class='ocr_line' id='line_1_2' title="bbox 493 719 1625 816; baseline -0.002 -21"><span class='ocrx_word' id='word_1_5' title='bbox 493 744 559 796; x_wconf 89' lang='grc'><strong>000</strong></span> <span class='ocrx_word' id='word_1_6' title='bbox 577 721 716 794; x_wconf 89' lang='lat' dir='ltr'>abitum</span> <span class='ocrx_word' id='word_1_7' title='bbox 734 720 890 794; x_wconf 83' lang='grc'><strong>0010000</strong></span> <span class='ocrx_word' id='word_1_8' title='bbox 910 719 1113 794; x_wconf 87' lang='lat' dir='ltr'>habituros</span> <span class='ocrx_word' id='word_1_9' title='bbox 1134 719 1369 816; x_wconf 79' lang='lat' dir='ltr'><strong>Responsum</strong></span> <span class='ocrx_word' id='word_1_10' title='bbox 1398 727 1457 795; x_wconf 88' lang='grc'><strong>001</strong></span> <span class='ocrx_word' id='word_1_11' title='bbox 1485 721 1535 794; x_wconf 88' lang='lat' dir='ltr'><strong>ab</strong></span> <span class='ocrx_word' id='word_1_12' title='bbox 1556 720 1625 808; x_wconf 89' lang='lat' dir='ltr'>eis,</span> 
     </span>
     <span class='ocr_line' id='line_1_3' title="bbox 492 841 1626 942; baseline -0.001 -23"><span class='ocrx_word' id='word_1_13' title='bbox 492 845 665 919; x_wconf 91' lang='lat' dir='ltr'>mandato</span> <span class='ocrx_word' id='word_1_14' title='bbox 685 841 883 934; x_wconf 82' lang='lat' dir='ltr'><strong>Praefecti,</strong></span> <span class='ocrx_word' id='word_1_15' title='bbox 902 842 1014 918; x_wconf 90' lang='lat' dir='ltr'>malle</span> <span class='ocrx_word' id='word_1_16' title='bbox 1034 865 1076 918; x_wconf 88' lang='lat' dir='ltr'><strong>se</strong></span> <span class='ocrx_word' id='word_1_17' title='bbox 1095 843 1209 918; x_wconf 84' lang='lat' dir='ltr'>vitam</span> <span class='ocrx_word' id='word_1_18' title='bbox 1237 845 1472 942; x_wconf 85' lang='lat' dir='ltr'><strong>profundere,</strong></span> <span class='ocrx_word' id='word_1_19' title='bbox 1511 865 1626 940; x_wconf 88' lang='lat' dir='ltr'>quam</span> 
     </span>
     <span class='ocr_line' id='line_1_4' title="bbox 495 968 1627 1068; baseline 0 -24"><span class='ocrx_word' id='word_1_20' title='bbox 495 971 604 1045; x_wconf 87' lang='lat' dir='ltr'>fidem</span> <span class='ocrx_word' id='word_1_21' title='bbox 623 971 727 1058; x_wconf 83' lang='lat' dir='ltr'>Deo,</span> <span class='ocrx_word' id='word_1_22' title='bbox 766 992 810 1043; x_wconf 91' lang='grc'><strong>00</strong></span> <span class='ocrx_word' id='word_1_23' title='bbox 829 968 1050 1066; x_wconf 83' lang='lat' dir='ltr'>Imperatori</span> <span class='ocrx_word' id='word_1_24' title='bbox 1069 991 1136 1044; x_wconf 92' lang='lat' dir='ltr'>suo</span> <span class='ocrx_word' id='word_1_25' title='bbox 1158 970 1282 1045; x_wconf 87' lang='lat' dir='ltr'>datam</span> <span class='ocrx_word' id='word_1_26' title='bbox 1300 969 1459 1068; x_wconf 82' lang='lat' dir='ltr'>turpiter</span> <span class='ocrx_word' id='word_1_27' title='bbox 1475 969 1627 1055; x_wconf 80' lang='lat' dir='ltr'>fallere,</span> 
     </span>
     <span class='ocr_line' id='line_1_5' title="bbox 494 1092 1626 1191; baseline -0.002 -22"><span class='ocrx_word' id='word_1_28' title='bbox 494 1095 575 1186; x_wconf 82' lang='lat' dir='ltr'><strong>Quo</strong></span> <span class='ocrx_word' id='word_1_29' title='bbox 594 1095 726 1169; x_wconf 90' lang='grc'><strong>000010</strong></span> <span class='ocrx_word' id='word_1_30' title='bbox 747 1092 908 1168; x_wconf 86' lang='lat' dir='ltr'>Sinarus</span> <span class='ocrx_word' id='word_1_31' title='bbox 929 1094 1087 1188; x_wconf 86' lang='lat' dir='ltr'>oognito,</span> <span class='ocrx_word' id='word_1_32' title='bbox 1106 1095 1210 1169; x_wconf 89' lang='lat' dir='ltr'>iubet</span> <span class='ocrx_word' id='word_1_33' title='bbox 1229 1094 1353 1169; x_wconf 89' lang='lat' dir='ltr'>statim</span> <span class='ocrx_word' id='word_1_34' title='bbox 1371 1095 1543 1191; x_wconf 81' lang='lat' dir='ltr'>sequenti</span> <span class='ocrx_word' id='word_1_35' title='bbox 1563 1094 1626 1167; x_wconf 90' lang='lat' dir='ltr'><strong>die</strong></span> 
     </span>
     <span class='ocr_line' id='line_1_6' title="bbox 493 1219 1626 1316; baseline 0 -22"><span class='ocrx_word' id='word_1_36' title='bbox 493 1221 555 1294; x_wconf 83' lang='lat'><strong>22.</strong></span> <span class='ocrx_word' id='word_1_37' title='bbox 575 1221 667 1295; x_wconf 89' lang='lat' dir='ltr'>Maii</span> <span class='ocrx_word' id='word_1_38' title='bbox 686 1219 877 1294; x_wconf 80' lang='lat' dir='ltr'>duodecim</span> <span class='ocrx_word' id='word_1_39' title='bbox 897 1221 1039 1308; x_wconf 91' lang='lat' dir='ltr'>minora</span> <span class='ocrx_word' id='word_1_40' title='bbox 1059 1228 1242 1296; x_wconf 87' lang='lat' dir='ltr'>tormenta</span> <span class='ocrx_word' id='word_1_41' title='bbox 1261 1219 1397 1294; x_wconf 88' lang='lat' dir='ltr'>bellioa</span> <span class='ocrx_word' id='word_1_42' title='bbox 1406 1220 1626 1316; x_wconf 80' lang='lat' dir='ltr'>murisque·</span> 
     </span>
     <span class='ocr_line' id='line_1_7' title="bbox 489 1343 1626 1441; baseline 0.001 -23"><span class='ocrx_word' id='word_1_43' title='bbox 489 1346 625 1420; x_wconf 87' lang='lat' dir='ltr'>tiendis</span> <span class='ocrx_word' id='word_1_44' title='bbox 647 1344 845 1419; x_wconf 88' lang='lat' dir='ltr'>admoveri.</span> <span class='ocrx_word' id='word_1_45' title='bbox 865 1344 1119 1441; x_wconf 81' lang='lat' dir='ltr'>Posteaquam</span> <span class='ocrx_word' id='word_1_46' title='bbox 1137 1344 1421 1440; x_wconf 81' lang='lat' dir='ltr'>igiturqninque</span> <span class='ocrx_word' id='word_1_47' title='bbox 1435 1343 1626 1419; x_wconf 80' lang='lat' dir='ltr'>continuis</span> 
     </span>
     <span class='ocr_line' id='line_1_8' title="bbox 489 1469 1624 1566; baseline -0.004 -19"><span class='ocrx_word' id='word_1_48' title='bbox 489 1473 619 1547; x_wconf 89' lang='lat' dir='ltr'>diebus</span> <span class='ocrx_word' id='word_1_49' title='bbox 665 1469 759 1543; x_wconf 86' lang='lat' dir='ltr'>muri</span> <span class='ocrx_word' id='word_1_50' title='bbox 795 1469 987 1544; x_wconf 87' lang='lat' dir='ltr'>tormentis</span> <span class='ocrx_word' id='word_1_51' title='bbox 1032 1469 1139 1566; x_wconf 93' lang='lat' dir='ltr'>petiti</span> <span class='ocrx_word' id='word_1_52' title='bbox 1184 1469 1326 1544; x_wconf 87' lang='lat' dir='ltr'>ruinam</span> <span class='ocrx_word' id='word_1_53' title='bbox 1373 1469 1624 1544; x_wconf 84' lang='lat' dir='ltr'>minarentur:</span> 
     </span>
     <span class='ocr_line' id='line_1_9' title="bbox 457 1593 1624 1693; baseline -0.003 -23"><span class='ocrx_word' id='word_1_54' title='bbox 457 1681 461 1688; x_wconf 21' lang='lat'><strong><em>¹</em></strong></span> <span class='ocrx_word' id='word_1_55' title='bbox 490 1596 615 1693; x_wconf 89' lang='lat' dir='ltr'>quinto</span> <span class='ocrx_word' id='word_1_56' title='bbox 635 1595 785 1669; x_wconf 90' lang='lat' dir='ltr'>tandem</span> <span class='ocrx_word' id='word_1_57' title='bbox 804 1593 865 1668; x_wconf 90' lang='lat' dir='ltr'><strong>die</strong></span> <span class='ocrx_word' id='word_1_58' title='bbox 883 1595 953 1670; x_wconf 90' lang='lat' dir='ltr'>sub</span> <span class='ocrx_word' id='word_1_59' title='bbox 978 1603 1122 1668; x_wconf 88' lang='lat' dir='ltr'>nootem</span> <span class='ocrx_word' id='word_1_60' title='bbox 1150 1595 1343 1692; x_wconf 82' lang='lat' dir='ltr'>quingenti</span> <span class='ocrx_word' id='word_1_61' title='bbox 1372 1617 1418 1668; x_wconf 85' lang='lat' dir='ltr'>ex</span> <span class='ocrx_word' id='word_1_62' title='bbox 1437 1593 1624 1669; x_wconf 77' lang='lat' dir='ltr'>Barbarie</span> 
     </span>
     <span class='ocr_line' id='line_1_10' title="bbox 490 1711 1618 1816; baseline -0.001 -22"><span class='ocrx_word' id='word_1_63' title='bbox 490 1721 804 1808; x_wconf 79' lang='grc'><strong>000000000001,</strong></span> <span class='ocrx_word' id='word_1_64' title='bbox 826 1741 920 1816; x_wconf 92' lang='lat' dir='ltr'>quos</span> <span class='ocrx_word' id='word_1_65' title='bbox 940 1711 1209 1816; x_wconf 80' lang='lat' dir='ltr'>quinquaginta</span> <span class='ocrx_word' id='word_1_66' title='bbox 1228 1716 1526 1794; x_wconf 81' lang='lat' dir='ltr'>Christianorum</span> <span class='ocrx_word' id='word_1_67' title='bbox 1546 1717 1618 1793; x_wconf 93' lang='lat' dir='ltr'>ibi·</span> 
     </span>
     <span class='ocr_line' id='line_1_11' title="bbox 489 1843 1622 1940; baseline -0.001 -21"><span class='ocrx_word' id='word_1_68' title='bbox 489 1848 572 1920; x_wconf 87' lang='lat' dir='ltr'>dem</span> <span class='ocrx_word' id='word_1_69' title='bbox 592 1846 629 1919; x_wconf 94' lang='lat' dir='ltr'>in</span> <span class='ocrx_word' id='word_1_70' title='bbox 649 1844 795 1919; x_wconf 83' lang='lat' dir='ltr'>insidiis</span> <span class='ocrx_word' id='word_1_71' title='bbox 814 1844 990 1918; x_wconf 89' lang='grc'><strong>001100011</strong></span> <span class='ocrx_word' id='word_1_72' title='bbox 1021 1867 1102 1919; x_wconf 87' lang='lat' dir='ltr'>enm</span> <span class='ocrx_word' id='word_1_73' title='bbox 1122 1868 1259 1940; x_wconf 86' lang='lat' dir='ltr'>magna</span> <span class='ocrx_word' id='word_1_74' title='bbox 1278 1867 1403 1926; x_wconf 83' lang='lat' dir='ltr'>eorum</span> <span class='ocrx_word' id='word_1_75' title='bbox 1422 1843 1622 1918; x_wconf 79' lang='grc'><strong>01010100·</strong></span> 
     </span>
     <span class='ocr_line' id='line_1_12' title="bbox 393 1965 1622 2075; baseline -0.002 -29"><span class='ocrx_word' id='word_1_76' title='bbox 393 2061 402 2075; x_wconf 34' lang='lat'><strong>·</strong></span> <span class='ocrx_word' id='word_1_77' title='bbox 489 1974 587 2058; x_wconf 81' lang='lat' dir='ltr'>dunt,</span> <span class='ocrx_word' id='word_1_78' title='bbox 610 1978 721 2066; x_wconf 90' lang='lat' dir='ltr'>atque</span> <span class='ocrx_word' id='word_1_79' title='bbox 741 1973 883 2065; x_wconf 86' lang='lat' dir='ltr'>fugant.</span> <span class='ocrx_word' id='word_1_80' title='bbox 905 1965 1021 2045; x_wconf 81' lang='lat' dir='ltr'>Sexto</span> <span class='ocrx_word' id='word_1_81' title='bbox 1040 1971 1155 2065; x_wconf 85' lang='lat' dir='ltr'>igitur</span> <span class='ocrx_word' id='word_1_82' title='bbox 1174 1970 1233 2045; x_wconf 89' lang='lat' dir='ltr'><strong>die</strong></span> <span class='ocrx_word' id='word_1_83' title='bbox 1261 1994 1343 2045; x_wconf 88' lang='lat' dir='ltr'><strong>oum</strong></span> <span class='ocrx_word' id='word_1_84' title='bbox 1371 1969 1546 2044; x_wconf 82' lang='lat' dir='ltr'>mandato</span> <span class='ocrx_word' id='word_1_85' title='bbox 1562 1967 1622 2044; x_wconf 88' lang='lat' dir='ltr'>Si·</span> 
     </span>
     <span class='ocr_line' id='line_1_13' title="bbox 487 2094 1621 2192; baseline -0.002 -22"><span class='ocrx_word' id='word_1_86' title='bbox 487 2097 574 2170; x_wconf 88' lang='grc'><strong>0001</strong></span> <span class='ocrx_word' id='word_1_87' title='bbox 596 2096 761 2171; x_wconf 90' lang='lat' dir='ltr'>eominus</span> <span class='ocrx_word' id='word_1_88' title='bbox 782 2095 919 2182; x_wconf 86' lang='lat' dir='ltr'>milites</span> <span class='ocrx_word' id='word_1_89' title='bbox 948 2117 1070 2169; x_wconf 87' lang='lat' dir='ltr'>aroem</span> <span class='ocrx_word' id='word_1_90' title='bbox 1091 2103 1264 2186; x_wconf 89' lang='lat' dir='ltr'>veterem,</span> <span class='ocrx_word' id='word_1_91' title='bbox 1293 2094 1368 2168; x_wconf 90' lang='lat' dir='ltr'><strong>iam</strong></span> <span class='ocrx_word' id='word_1_92' title='bbox 1394 2117 1462 2192; x_wconf 88' lang='lat' dir='ltr'><strong>per</strong></span> <span class='ocrx_word' id='word_1_93' title='bbox 1482 2115 1525 2167; x_wconf 89' lang='grc'><strong>00</strong></span> <span class='ocrx_word' id='word_1_94' title='bbox 1545 2095 1621 2168; x_wconf 86' lang='grc'><strong>001·</strong></span> 
     </span>
     <span class='ocr_line' id='line_1_14' title="bbox 487 2219 1622 2316; baseline -0.004 -20"><span class='ocrx_word' id='word_1_95' title='bbox 487 2247 628 2312; x_wconf 83' lang='grc'><strong>000000,</strong></span> <span class='ocrx_word' id='word_1_96' title='bbox 648 2235 685 2296; x_wconf 88' lang='grc'><strong>01</strong></span> <span class='ocrx_word' id='word_1_97' title='bbox 703 2220 886 2296; x_wconf 84' lang='lat' dir='ltr'>continuis</span> <span class='ocrx_word' id='word_1_98' title='bbox 906 2219 1067 2316; x_wconf 88' lang='lat' dir='ltr'>quinque</span> <span class='ocrx_word' id='word_1_99' title='bbox 1086 2220 1226 2295; x_wconf 89' lang='lat' dir='ltr'>dierum</span> <span class='ocrx_word' id='word_1_100' title='bbox 1246 2219 1380 2294; x_wconf 87' lang='lat' dir='ltr'>iotibns</span> <span class='ocrx_word' id='word_1_101' title='bbox 1400 2225 1622 2314; x_wconf 86' lang='lat' dir='ltr'>quassatam</span> 
     </span>
     <span class='ocr_line' id='line_1_15' title="bbox 487 2331 1621 2443; baseline -0.006 -21"><span class='ocrx_word' id='word_1_102' title='bbox 487 2348 645 2443; x_wconf 85' lang='lat' dir='ltr'>aggredi</span> <span class='ocrx_word' id='word_1_103' title='bbox 665 2347 903 2421; x_wconf 84' lang='lat' dir='ltr'>statuissent:</span> <span class='ocrx_word' id='word_1_104' title='bbox 937 2331 1109 2438; x_wconf 59' lang='lat' dir='ltr'>obsessis</span> <span class='ocrx_word' id='word_1_105' title='bbox 1125 2367 1280 2441; x_wconf 90' lang='lat' dir='ltr'>quornm</span> <span class='ocrx_word' id='word_1_106' title='bbox 1312 2339 1393 2419; x_wconf 78' lang='lat'><strong>400</strong></span> <span class='ocrx_word' id='word_1_107' title='bbox 1424 2339 1621 2432; x_wconf 84' lang='lat' dir='ltr'>Germani,</span> 
     </span>
     <span class='ocr_line' id='line_1_16' title="bbox 490 2467 1620 2572; baseline -0.004 -26"><span class='ocrx_word' id='word_1_108' title='bbox 490 2471 569 2546; x_wconf 79' lang='lat' dir='ltr'><strong>ooo</strong></span> <span class='ocrx_word' id='word_1_109' title='bbox 599 2472 746 2565; x_wconf 84' lang='lat' dir='ltr'>Vngari</span> <span class='ocrx_word' id='word_1_110' title='bbox 764 2471 923 2558; x_wconf 83' lang='lat' dir='ltr'>fuerant,</span> <span class='ocrx_word' id='word_1_111' title='bbox 953 2477 1073 2560; x_wconf 83' lang='lat' dir='ltr'>noeto,</span> <span class='ocrx_word' id='word_1_112' title='bbox 1102 2471 1289 2568; x_wconf 81' lang='lat' dir='ltr'>patefacto</span> <span class='ocrx_word' id='word_1_113' title='bbox 1320 2491 1423 2542; x_wconf 93' lang='lat' dir='ltr'>muro</span> <span class='ocrx_word' id='word_1_114' title='bbox 1452 2467 1620 2572; x_wconf 73' lang='lat' dir='ltr'>egressi,</span> 
     </span>
     <span class='ocr_line' id='line_1_17' title="bbox 488 2593 1621 2690; baseline -0.001 -23"><span class='ocrx_word' id='word_1_115' title='bbox 488 2595 668 2668; x_wconf 81' lang='lat' dir='ltr'>acerrime</span> <span class='ocrx_word' id='word_1_116' title='bbox 688 2617 768 2669; x_wconf 92' lang='lat' dir='ltr'><strong>oum</strong></span> <span class='ocrx_word' id='word_1_117' title='bbox 788 2593 970 2668; x_wconf 80' lang='lat' dir='ltr'>Barbaria</span> <span class='ocrx_word' id='word_1_118' title='bbox 989 2593 1199 2690; x_wconf 76' lang='lat' dir='ltr'>confligunt,</span> <span class='ocrx_word' id='word_1_119' title='bbox 1237 2595 1333 2668; x_wconf 89' lang='lat' dir='ltr'>unde</span> <span class='ocrx_word' id='word_1_120' title='bbox 1361 2594 1410 2668; x_wconf 87' lang='lat' dir='ltr'><strong>ad</strong></span> <span class='ocrx_word' id='word_1_121' title='bbox 1428 2599 1621 2668; x_wconf 85' lang='grc' dir='ltr'><strong>1000001οο</strong></span> 
     </span>
     <span class='ocr_line' id='line_1_18' title="bbox 488 2717 1620 2814; baseline 0 -23"><span class='ocrx_word' id='word_1_122' title='bbox 488 2718 634 2792; x_wconf 90' lang='grc'><strong>01001100</strong></span> <span class='ocrx_word' id='word_1_123' title='bbox 652 2719 744 2814; x_wconf 83' lang='lat' dir='ltr'>fuga</span> <span class='ocrx_word' id='word_1_124' title='bbox 764 2718 836 2792; x_wconf 94' lang='lat' dir='ltr'>sibi</span> <span class='ocrx_word' id='word_1_125' title='bbox 855 2719 1014 2793; x_wconf 88' lang='lat' dir='ltr'>salutem</span> <span class='ocrx_word' id='word_1_126' title='bbox 1035 2719 1265 2814; x_wconf 88' lang='lat' dir='ltr'>quaesivere,</span> <span class='ocrx_word' id='word_1_127' title='bbox 1296 2717 1410 2792; x_wconf 88' lang='grc'><strong>001001</strong></span> <span class='ocrx_word' id='word_1_128' title='bbox 1438 2717 1552 2810; x_wconf 87' lang='grc'><strong>00001,</strong></span> <span class='ocrx_word' id='word_1_129' title='bbox 1574 2741 1620 2792; x_wconf 88' lang='grc'><strong>00</strong></span> 
     </span>
     <span class='ocr_line' id='line_1_19' title="bbox 488 2841 1621 2942; baseline -0.001 -24"><span class='ocrx_word' id='word_1_130' title='bbox 488 2867 569 2919; x_wconf 88' lang='grc'><strong>000</strong></span> <span class='ocrx_word' id='word_1_131' title='bbox 590 2844 788 2919; x_wconf 84' lang='lat' dir='ltr'>Praefecto</span> <span class='ocrx_word' id='word_1_132' title='bbox 808 2843 1046 2919; x_wconf 83' lang='lat' dir='ltr'>Fordinando</span> <span class='ocrx_word' id='word_1_133' title='bbox 1067 2845 1179 2942; x_wconf 82' lang='lat' dir='ltr'>eapti,</span> <span class='ocrx_word' id='word_1_134' title='bbox 1208 2853 1246 2918; x_wconf 92' lang='grc'><strong>01</strong></span> <span class='ocrx_word' id='word_1_135' title='bbox 1273 2844 1322 2919; x_wconf 87' lang='lat' dir='ltr'><strong>ad</strong></span> <span class='ocrx_word' id='word_1_136' title='bbox 1339 2841 1515 2919; x_wconf 85' lang='lat' dir='ltr'>Sinanum</span> <span class='ocrx_word' id='word_1_137' title='bbox 1533 2866 1621 2941; x_wconf 90' lang='lat' dir='ltr'>per·</span> 
     </span>
     <span class='ocr_line' id='line_1_20' title="bbox 486 2967 1620 3045; baseline -0.002 -2"><span class='ocrx_word' id='word_1_138' title='bbox 486 2969 586 3044; x_wconf 89' lang='lat' dir='ltr'>duoti</span> <span class='ocrx_word' id='word_1_139' title='bbox 604 2970 720 3044; x_wconf 86' lang='grc'><strong>10000.</strong></span> <span class='ocrx_word' id='word_1_140' title='bbox 740 2970 801 3044; x_wconf 82' lang='lat' dir='ltr'><strong>Ex</strong></span> <span class='ocrx_word' id='word_1_141' title='bbox 821 2991 947 3044; x_wconf 91' lang='lat' dir='ltr'>eorum</span> <span class='ocrx_word' id='word_1_142' title='bbox 966 2991 1117 3045; x_wconf 90' lang='lat' dir='ltr'>numero</span> <span class='ocrx_word' id='word_1_143' title='bbox 1149 2969 1219 3045; x_wconf 84' lang='lat' dir='ltr'>fuit</span> <span class='ocrx_word' id='word_1_144' title='bbox 1246 2977 1285 3044; x_wconf 90' lang='grc'><strong>01</strong></span> <span class='ocrx_word' id='word_1_145' title='bbox 1304 2969 1439 3044; x_wconf 89' lang='lat' dir='ltr'>Petrus</span> <span class='ocrx_word' id='word_1_146' title='bbox 1457 2967 1620 3044; x_wconf 88' lang='lat' dir='ltr'>Miskol-</span> 
     </span>
     <span class='ocr_line' id='line_1_21' title="bbox 486 3093 1619 3192; baseline -0.002 -23"><span class='ocrx_word' id='word_1_147' title='bbox 486 3096 565 3169; x_wconf 91' lang='grc'><strong>0100</strong></span> <span class='ocrx_word' id='word_1_148' title='bbox 593 3094 764 3170; x_wconf 90' lang='lat' dir='ltr'>Minister</span> <span class='ocrx_word' id='word_1_149' title='bbox 793 3094 897 3168; x_wconf 87' lang='lat' dir='ltr'>verbi</span> <span class='ocrx_word' id='word_1_150' title='bbox 929 3093 1043 3168; x_wconf 89' lang='lat' dir='ltr'>divini</span> <span class='ocrx_word' id='word_1_151' title='bbox 1083 3095 1182 3192; x_wconf 88' lang='lat' dir='ltr'>apud</span> <span class='ocrx_word' id='word_1_152' title='bbox 1209 3093 1522 3192; x_wconf 87' lang='lat' dir='ltr'>Vesprimienses,</span> <span class='ocrx_word' id='word_1_153' title='bbox 1552 3095 1619 3191; x_wconf 90' lang='lat' dir='ltr'>qui</span> 
     </span>
     <span class='ocr_line' id='line_1_22' title="bbox 485 3219 1619 3317; baseline -0.001 -22"><span class='ocrx_word' id='word_1_154' title='bbox 485 3221 581 3295; x_wconf 88' lang='lat' dir='ltr'>haee</span> <span class='ocrx_word' id='word_1_155' title='bbox 598 3219 707 3294; x_wconf 92' lang='lat' dir='ltr'>nobis</span> <span class='ocrx_word' id='word_1_156' title='bbox 727 3219 855 3294; x_wconf 86' lang='lat' dir='ltr'>ordine</span> <span class='ocrx_word' id='word_1_157' title='bbox 877 3239 1001 3294; x_wconf 87' lang='grc'><strong>000000</strong></span> <span class='ocrx_word' id='word_1_158' title='bbox 1021 3220 1204 3317; x_wconf 83' lang='lat' dir='ltr'>exposuit.</span> <span class='ocrx_word' id='word_1_159' title='bbox 1224 3222 1264 3294; x_wconf 92' lang='grc'><strong>10</strong></span> <span class='ocrx_word' id='word_1_160' title='bbox 1283 3243 1363 3295; x_wconf 87' lang='lat' dir='ltr'><strong>oum</strong></span> <span class='ocrx_word' id='word_1_161' title='bbox 1383 3243 1619 3296; x_wconf 82' lang='grc'><strong>000000000-</strong></span> 
     </span>
     <span class='ocr_line' id='line_1_23' title="bbox 487 3344 1618 3444; baseline 0.004 -26"><span class='ocrx_word' id='word_1_162' title='bbox 487 3344 599 3441; x_wconf 89' lang='lat' dir='ltr'>liquis</span> <span class='ocrx_word' id='word_1_163' title='bbox 617 3345 656 3417; x_wconf 92' lang='lat' dir='ltr'>in</span> <span class='ocrx_word' id='word_1_164' title='bbox 675 3345 856 3441; x_wconf 88' lang='lat' dir='ltr'>praelium</span> <span class='ocrx_word' id='word_1_165' title='bbox 877 3367 1093 3440; x_wconf 83' lang='lat' dir='ltr'>eggressus,</span> <span class='ocrx_word' id='word_1_166' title='bbox 1107 3346 1274 3444; x_wconf 89' lang='lat' dir='ltr'>solopeto</span> <span class='ocrx_word' id='word_1_167' title='bbox 1284 3345 1497 3444; x_wconf 80' lang='lat' dir='ltr'>innumeris</span> <span class='ocrx_word' id='word_1_168' title='bbox 1506 3346 1618 3438; x_wconf 89' lang='grc'><strong>10100,</strong></span> 
     </span>
     <span class='ocr_line' id='line_1_24' title="bbox 486 3471 1617 3570; baseline 0.002 -26"><span class='ocrx_word' id='word_1_169' title='bbox 486 3471 653 3544; x_wconf 89' lang='lat' dir='ltr'>laborem</span> <span class='ocrx_word' id='word_1_170' title='bbox 672 3471 785 3566; x_wconf 83' lang='lat' dir='ltr'>fugae</span> <span class='ocrx_word' id='word_1_171' title='bbox 805 3471 960 3546; x_wconf 87' lang='lat' dir='ltr'>ulterius</span> <span class='ocrx_word' id='word_1_172' title='bbox 980 3472 1164 3548; x_wconf 89' lang='lat' dir='ltr'>sustinere</span> <span class='ocrx_word' id='word_1_173' title='bbox 1183 3496 1256 3549; x_wconf 93' lang='lat' dir='ltr'><strong>non</strong></span> <span class='ocrx_word' id='word_1_174' title='bbox 1275 3480 1426 3570; x_wconf 87' lang='lat' dir='ltr'>posset,</span> <span class='ocrx_word' id='word_1_175' title='bbox 1467 3474 1506 3547; x_wconf 94' lang='grc'><strong>10</strong></span> <span class='ocrx_word' id='word_1_176' title='bbox 1525 3473 1617 3548; x_wconf 85' lang='lat' dir='ltr'>viei-</span> 
     </span>
     <span class='ocr_line' id='line_1_25' title="bbox 482 3593 1723 3698; baseline 0.002 -29"><span class='ocrx_word' id='word_1_177' title='bbox 482 3617 551 3669; x_wconf 90' lang='lat' dir='ltr'>nos</span> <span class='ocrx_word' id='word_1_178' title='bbox 579 3593 698 3668; x_wconf 87' lang='lat' dir='ltr'>saltus</span> <span class='ocrx_word' id='word_1_179' title='bbox 727 3596 940 3672; x_wconf 87' lang='lat' dir='ltr'>nemoribus</span> <span class='ocrx_word' id='word_1_180' title='bbox 968 3596 1105 3672; x_wconf 88' lang='lat' dir='ltr'>densos</span> <span class='ocrx_word' id='word_1_181' title='bbox 1133 3597 1304 3694; x_wconf 86' lang='lat' dir='ltr'>elapsos,</span> <span class='ocrx_word' id='word_1_182' title='bbox 1341 3620 1423 3672; x_wconf 87' lang='lat' dir='ltr'><strong>oum</strong></span> <span class='ocrx_word' id='word_1_183' title='bbox 1453 3597 1616 3693; x_wconf 84' lang='lat' dir='ltr'>quodam</span> <span class='ocrx_word' id='word_1_184' title='bbox 1721 3607 1723 3698; x_wconf 69' lang='lat' dir='ltr'><strong>j</strong></span> 
     </span>
     <span class='ocr_line' id='line_1_26' title="bbox 485 3719 1721 3818; baseline 0.002 -22"><span class='ocrx_word' id='word_1_185' title='bbox 485 3719 675 3796; x_wconf 83' lang='lat' dir='ltr'>Germano</span> <span class='ocrx_word' id='word_1_186' title='bbox 696 3720 795 3793; x_wconf 90' lang='lat' dir='ltr'>sein</span> <span class='ocrx_word' id='word_1_187' title='bbox 822 3721 943 3818; x_wconf 88' lang='lat' dir='ltr'>sylvis</span> <span class='ocrx_word' id='word_1_188' title='bbox 963 3721 1076 3796; x_wconf 85' lang='lat' dir='ltr'>abdit.</span> <span class='ocrx_word' id='word_1_189' title='bbox 1097 3723 1250 3797; x_wconf 90' lang='lat' dir='ltr'>Interim</span> <span class='ocrx_word' id='word_1_190' title='bbox 1268 3721 1433 3798; x_wconf 89' lang='lat' dir='ltr'>nonnulli</span> <span class='ocrx_word' id='word_1_191' title='bbox 1453 3745 1501 3797; x_wconf 85' lang='lat' dir='ltr'>ex</span> <span class='ocrx_word' id='word_1_192' title='bbox 1519 3721 1616 3798; x_wconf 87' lang='lat' dir='ltr'>Bar·</span> <span class='ocrx_word' id='word_1_193' title='bbox 1720 3747 1721 3777; x_wconf 60' lang='lat'>¹</span> 
     </span>
     <span class='ocr_line' id='line_1_27' title="bbox 482 3843 1615 3944; baseline 0 -21"><span class='ocrx_word' id='word_1_194' title='bbox 482 3846 585 3923; x_wconf 85' lang='lat' dir='ltr'>baris</span> <span class='ocrx_word' id='word_1_195' title='bbox 605 3847 921 3944; x_wconf 84' lang='lat' dir='ltr'>supervenientes,</span> <span class='ocrx_word' id='word_1_196' title='bbox 942 3843 1168 3924; x_wconf 81' lang='lat' dir='ltr'>Germanum</span> <span class='ocrx_word' id='word_1_197' title='bbox 1186 3848 1300 3938; x_wconf 87' lang='lat' dir='ltr'>iilum,</span> <span class='ocrx_word' id='word_1_198' title='bbox 1338 3845 1615 3939; x_wconf 70' lang='lat' dir='ltr'>petronacium,</span> 
     </span>
     <span class='ocr_line' id='line_1_28' title="bbox 482 3970 1615 4071; baseline 0.002 -26"><span class='ocrx_word' id='word_1_199' title='bbox 482 3972 535 4046; x_wconf 91' lang='lat' dir='ltr'><strong>ibi</strong></span> <span class='ocrx_word' id='word_1_200' title='bbox 553 3994 595 4046; x_wconf 89' lang='grc'><strong>00</strong></span> <span class='ocrx_word' id='word_1_201' title='bbox 614 3971 802 4046; x_wconf 87' lang='grc'><strong>000011000</strong></span> <span class='ocrx_word' id='word_1_202' title='bbox 830 3970 1136 4065; x_wconf 84' lang='lat' dir='ltr'>animadvertunt,</span> <span class='ocrx_word' id='word_1_203' title='bbox 1175 3981 1212 4047; x_wconf 89' lang='lat' dir='ltr'><strong>et</strong></span> <span class='ocrx_word' id='word_1_204' title='bbox 1248 3971 1465 4071; x_wconf 88' lang='lat' dir='ltr'>praelongis</span> <span class='ocrx_word' id='word_1_205' title='bbox 1498 3972 1615 4048; x_wconf 79' lang='lat' dir='ltr'>ferire</span> 
     </span>
     <span class='ocr_line' id='line_1_29' title="bbox 481 4095 1716 4194; baseline 0.009 -26"><span class='ocrx_word' id='word_1_206' title='bbox 481 4096 603 4170; x_wconf 87' lang='lat' dir='ltr'>hastis</span> <span class='ocrx_word' id='word_1_207' title='bbox 632 4095 822 4185; x_wconf 65' lang='lat' dir='ltr'>sonantur}</span> <span class='ocrx_word' id='word_1_208' title='bbox 862 4096 931 4170; x_wconf 87' lang='lat' dir='ltr'><strong>sed</strong></span> <span class='ocrx_word' id='word_1_209' title='bbox 958 4097 991 4170; x_wconf 91' lang='lat' dir='ltr'><strong>is</strong></span> <span class='ocrx_word' id='word_1_210' title='bbox 1022 4097 1228 4172; x_wconf 87' lang='lat' dir='ltr'>audendum</span> <span class='ocrx_word' id='word_1_211' title='bbox 1256 4097 1329 4170; x_wconf 91' lang='lat' dir='ltr'>sibi</span> <span class='ocrx_word' id='word_1_212' title='bbox 1359 4096 1501 4194; x_wconf 87' lang='lat' dir='ltr'>aliquid</span> <span class='ocrx_word' id='word_1_213' title='bbox 1529 4101 1614 4178; x_wconf 90' lang='lat' dir='ltr'>viro</span> <span class='ocrx_word' id='word_1_214' title='bbox 1715 4105 1716 4161; x_wconf 73' lang='grc'><strong>1</strong></span> 
     </span>
     <span class='ocr_line' id='line_1_30' title="bbox 481 4222 1616 4320; baseline 0.005 -26"><span class='ocrx_word' id='word_1_215' title='bbox 481 4222 632 4314; x_wconf 88' lang='lat' dir='ltr'>dignum</span> <span class='ocrx_word' id='word_1_216' title='bbox 651 4229 768 4310; x_wconf 88' lang='grc'><strong>00100,</strong></span> <span class='ocrx_word' id='word_1_217' title='bbox 806 4243 916 4296; x_wconf 92' lang='lat' dir='ltr'>unum</span> <span class='ocrx_word' id='word_1_218' title='bbox 953 4245 1000 4297; x_wconf 89' lang='lat' dir='ltr'>ex</span> <span class='ocrx_word' id='word_1_219' title='bbox 1028 4223 1220 4315; x_wconf 84' lang='lat' dir='ltr'>Barbaria,</span> <span class='ocrx_word' id='word_1_220' title='bbox 1239 4223 1415 4320; x_wconf 89' lang='lat' dir='ltr'>impetum</span> <span class='ocrx_word' id='word_1_221' title='bbox 1435 4222 1474 4297; x_wconf 92' lang='lat' dir='ltr'>in</span> <span class='ocrx_word' id='word_1_222' title='bbox 1494 4244 1538 4299; x_wconf 90' lang='grc'><strong>00</strong></span> <span class='ocrx_word' id='word_1_223' title='bbox 1557 4225 1616 4304; x_wconf 84' lang='lat' dir='ltr'><strong>fa.</strong></span> 
     </span>
     <span class='ocr_line' id='line_1_31' title="bbox 481 4345 1610 4442; baseline 0.009 -24"><span class='ocrx_word' id='word_1_224' title='bbox 481 4345 651 4434; x_wconf 84' lang='grc'><strong>01001000.</strong></span> <span class='ocrx_word' id='word_1_225' title='bbox 670 4346 836 4442; x_wconf 88' lang='lat' dir='ltr'>solopeto</span> <span class='ocrx_word' id='word_1_226' title='bbox 855 4345 1046 4422; x_wconf 88' lang='lat' dir='ltr'>manuario</span> <span class='ocrx_word' id='word_1_227' title='bbox 1064 4346 1248 4440; x_wconf 83' lang='grc'><strong>1010011011,</strong></span> <span class='ocrx_word' id='word_1_228' title='bbox 1277 4354 1486 4424; x_wconf 87' lang='grc' dir='ltr'><strong>0010000οο</strong></span> <span class='ocrx_word' id='word_1_229' title='bbox 1508 4359 1610 4428; x_wconf 89' lang='lat' dir='ltr'>metu</span> 
     </span>
     <span class='ocr_line' id='line_1_32' title="bbox 479 4470 1612 4570; baseline 0.007 -27"><span class='ocrx_word' id='word_1_230' title='bbox 479 4471 516 4544; x_wconf 93' lang='grc'><strong>10</strong></span> <span class='ocrx_word' id='word_1_231' title='bbox 535 4472 663 4567; x_wconf 82' lang='lat' dir='ltr'>fugam</span> <span class='ocrx_word' id='word_1_232' title='bbox 682 4470 851 4546; x_wconf 90' lang='grc'><strong>00010011.</strong></span> <span class='ocrx_word' id='word_1_233' title='bbox 873 4474 961 4569; x_wconf 92' lang='lat' dir='ltr'>lpse</span> <span class='ocrx_word' id='word_1_234' title='bbox 980 4481 1129 4570; x_wconf 87' lang='lat' dir='ltr'>arrepto</span> <span class='ocrx_word' id='word_1_235' title='bbox 1159 4473 1249 4567; x_wconf 91' lang='lat' dir='ltr'>eius,</span> <span class='ocrx_word' id='word_1_236' title='bbox 1278 4496 1385 4569; x_wconf 88' lang='lat' dir='ltr'>quem</span> <span class='ocrx_word' id='word_1_237' title='bbox 1410 4473 1612 4568; x_wconf 74' lang='grc'><strong>0101000001,</strong></span> 
     </span>
     <span class='ocr_line' id='line_1_33' title="bbox 479 4596 1709 4701; baseline 0.009 -33"><span class='ocrx_word' id='word_1_238' title='bbox 479 4617 586 4691; x_wconf 75' lang='lat' dir='ltr'>equo,</span> <span class='ocrx_word' id='word_1_239' title='bbox 615 4596 790 4670; x_wconf 79' lang='lat' dir='ltr'>assiliens</span> <span class='ocrx_word' id='word_1_240' title='bbox 818 4619 961 4672; x_wconf 88' lang='lat' dir='ltr'>summa</span> <span class='ocrx_word' id='word_1_241' title='bbox 988 4597 1180 4674; x_wconf 85' lang='lat' dir='ltr'>eeleritate</span> <span class='ocrx_word' id='word_1_242' title='bbox 1207 4597 1247 4672; x_wconf 92' lang='lat' dir='ltr'>in</span> <span class='ocrx_word' id='word_1_243' title='bbox 1279 4619 1379 4682; x_wconf 85' lang='lat' dir='ltr'>eum,</span> <span class='ocrx_word' id='word_1_244' title='bbox 1418 4599 1612 4678; x_wconf 87' lang='lat' dir='ltr'>oonoitato</span> <span class='ocrx_word' id='word_1_245' title='bbox 1708 4635 1709 4701; x_wconf 65' lang='lat' dir='ltr'>q</span> 
     </span>
    </p>
   </div>
   <div class='ocr_carea' id='block_1_3' title="bbox 478 4721 1707 4857">
    <p class='ocr_par' dir='ltr' id='par_1_3' title="bbox 478 4717 1708 4857">
     <span class='ocr_line' id='line_1_34' title="bbox 478 4721 1707 4857; baseline 0.007 -59"><span class='ocrx_word' id='word_1_246' title='bbox 478 4741 590 4798; x_wconf 86' lang='grc'><strong>00000</strong></span> <span class='ocrx_word' id='word_1_247' title='bbox 608 4721 766 4796; x_wconf 88' lang='lat' dir='ltr'>salutem</span> <span class='ocrx_word' id='word_1_248' title='bbox 785 4721 857 4796; x_wconf 85' lang='lat' dir='ltr'>sibi</span> <span class='ocrx_word' id='word_1_249' title='bbox 877 4721 1073 4818; x_wconf 87' lang='lat' dir='ltr'>quaesivit,</span> <span class='ocrx_word' id='word_1_250' title='bbox 1098 4745 1179 4798; x_wconf 89' lang='lat' dir='ltr'><strong>oum</strong></span> <span class='ocrx_word' id='word_1_251' title='bbox 1199 4725 1441 4800; x_wconf 86' lang='grc'><strong>1000100000</strong></span> <span class='ocrx_word' id='word_1_252' title='bbox 1460 4723 1614 4805; x_wconf 79' lang='lat' dir='ltr'>&#39;Pareae</span> <span class='ocrx_word' id='word_1_253' title='bbox 1705 4789 1707 4857; x_wconf 55' lang='lat'>4</span> 
     </span>
    </p>
   </div>
   <div class='ocr_carea' id='block_1_4' title="bbox 1689 4865 1706 5350">
    <p class='ocr_par' dir='ltr' id='par_1_4' title="bbox 1689 4865 1706 5350">
     <span class='ocr_line' id='line_1_35' title="bbox 1689 4865 1706 5350; baseline 0 0"><span class='ocrx_word' id='word_1_254' title='bbox 1689 4865 1706 5350; x_wconf 82' lang='grc'><strong>1</strong></span> 
     </span>
    </p>
   </div>
   <div class='ocr_carea' id='block_1_5' title="bbox 0 0 1818 5534">
    <p class='ocr_par' dir='ltr' id='par_1_5' title="bbox 0 0 1818 5534">
     <span class='ocr_line' id='line_1_36' title="bbox 0 0 1818 5534; baseline 0 5"><span class='ocrx_word' id='word_1_255' title='bbox 0 0 1818 5534; x_wconf 95' lang='lat' dir='ltr'><strong> </strong></span> 
     </span>
    </p>
   </div>
  </div>
 </body>
</html>
