3625 5534
450 472 502 550 62
841 488 890 540 10.
912 487 1013 540 nucu
1032 488 1181 542 annovn

448 666 734 766 Transylvanos
752 670 909 739 mentem
937 663 1056 740 atroci
1074 661 1200 762 aliquo
1230 663 1398 740 facinore
1417 665 1583 761 explere

449 791 645 894 potuerint,
682 812 755 866 nou
784 789 963 882 animum,
1001 790 1069 864 sed
1098 788 1332 865 occasionem
1349 797 1494 866 tautum
1517 789 1582 863 de-

447 919 575 1028 iuuisse¹
597 915 765 1006 Quorum
782 915 920 991 furenti
938 915 977 990 in
997 912 1235 991 Christianos
1255 914 1403 990 libidini
1422 915 1582 990 subser-

448 1044 539 1138 vire,
559 1043 648 1141 quid
667 1041 767 1118 aliud
797 1050 909 1134 esset,
946 1065 1055 1138 quam
1083 1041 1122 1116 iu
1150 1039 1220 1117 sua
1248 1041 1408 1138 aliquem
1426 1041 1586 1116 viscera

446 1171 584 1247 ferrum
603 1168 799 1266 stringere,
819 1175 884 1244 aut
903 1188 969 1242 eos
988 1168 1118 1244 iuvare
1137 1167 1276 1260 conari,
1306 1166 1440 1264 quibua
1459 1167 1581 1265 paulo

378 1367 383 1378 ,
448 1303 534 1394 post
551 1295 634 1394 ipse
654 1314 799 1391 quoque
820 1292 987 1388 iugulum
1006 1292 1057 1367 sit
1083 1292 1351 1391 praebiturus?
1381 1289 1423 1367 Si
1446 1291 1583 1389 itaque

448 1418 592 1519 patriae
621 1418 786 1493 charatis
805 1439 874 1494 nos
892 1426 1025 1512 movet,
1064 1417 1097 1492 si
1125 1417 1239 1510 salus,
1276 1424 1387 1516 atque
1416 1415 1583 1493 libertas

454 1546 701 1619 obversantur
720 1542 852 1616 animis
871 1541 1023 1635 nostris,
1053 1565 1148 1618 nunc
1175 1551 1321 1642 tempus
1341 1549 1414 1636 est,
1441 1549 1484 1616 ut
1502 1542 1583 1641 ipsi

449 1669 597 1745 vocanti
616 1670 699 1745 Deo
717 1670 1023 1766 obtemperemus,
1057 1669 1231 1745 miseram
1241 1668 1338 1745 hauc
1347 1668 1582 1758 servitutem,

452 1819 561 1894 quam
579 1796 678 1871 falso
696 1796 908 1871 libertatem
926 1796 998 1871 huc
1016 1819 1133 1894 usque
1153 1797 1434 1896 appellavimus,
1463 1819 1581 1871 exua-

453 1944 544 2015 mus,
564 1929 601 1996 et
619 1930 684 1997 aut
701 1942 770 1995 nos
789 1921 828 1996 iu
846 1922 1041 2020 pristinum
1061 1931 1217 2012 statum,
1254 1925 1352 2020 quod
1370 1923 1474 1999 iuvat
1492 1945 1581 2020 spe-

451 2071 549 2140 rare,
568 2044 866 2122 Christianorum
885 2047 1001 2124 adiuti
1020 2048 1134 2123 armis
1153 2047 1391 2140 vindicemus,
1416 2055 1481 2122 aut
1509 2047 1580 2122 ho-

413 2198 415 2202 ·
451 2181 556 2248 neste
575 2173 698 2271 potius
718 2196 846 2249 omnes
864 2173 1061 2266 cadamus,
1100 2197 1209 2270 quam
1244 2175 1457 2249 desertores
1477 2195 1579 2246 com-

452 2299 571 2374 munis
590 2301 750 2374 omnium
760 2296 1055 2374 Christianorum
1066 2321 1212 2391 causae,
1226 2305 1458 2395 nostraeque¹
1468 2297 1581 2372 simul

452 2426 598 2517 salutis,
616 2449 682 2522 per
702 2426 871 2517 omnium,
896 2430 934 2500 et
954 2425 1016 2523 qui
1035 2448 1131 2500 nuuc
1159 2425 1297 2514 vivunt,
1327 2433 1365 2499 et
1393 2425 1455 2521 qui
1475 2424 1579 2499 deiu-

452 2571 540 2646 ceps
570 2550 703 2624 victuri
733 2559 828 2643 sunt,
857 2548 1041 2626 hominum
1070 2575 1139 2627 ora
1166 2550 1393 2627 circumferri
1421 2572 1491 2625 uos
1511 2573 1578 2648 pa-

451 2674 595 2748 tiamur.
823 2686 829 2695 '

910 2887 1127 2900 -..—-——

749 3046 926 3129 CAPVT
954 3047 1287 3126 VNDECIMVM.

459 3225 516 3296 De
535 3225 700 3301 conditis
722 3228 1060 3326 'l’rcurplvunorcm
1078 3229 1119 3302 ia
1138 3240 1244 3302 tontc
1262 3252 1381 3300 rerum
1413 3225 1576 3323 siffred-

912 3363 983 3426 tcte
1002 3353 1114 3427 incidis.

563 3542 657 3621 Cum
674 3545 712 3621 iu
732 3544 827 3623 hanc
845 3549 1066 3625 sententiam
1086 3549 1202 3624 multa
1224 3547 1491 3624 fuissentultro
1511 3552 1577 3625 cit-

455 3690 569 3765 roque
589 3670 792 3769 disputata,
802 3673 943 3773 placuit
961 3674 1110 3750 taudem
1129 3672 1345 3766 Ordinibus,
1372 3681 1506 3750 utnon
1530 3699 1576 3752 eo

455 3800 609 3889 tanturm,
628 3797 726 3894 quod
743 3794 890 3903 ¹Caesar
909 3799 1064 3890 iuberet,
1073 3798 1237 3875 delectus
1247 3798 1483 3890 haberentur,
1495 3800 1575 3894 sed,

456 3928 506 4014 ut,
526 3942 608 3997 cum
627 3921 808 4022 Princeps
828 3934 1072 4026 opportunum
1096 3925 1288 4017 iudicaret,
1307 3925 1429 4000 cuncti
1441 3925 1576 4018 statim,

456 4069 529 4142 quo
555 4069 645 4124 usus
680 4051 905 4147 postularet,
943 4052 1074 4128 armati
1111 4051 1359 4128 convenirent.
1382 4049 1578 4136 ,Additum

453 4171 564 4248 etiam
582 4180 642 4248 est
658 4174 707 4249 ad
725 4183 889 4253 veterem
908 4175 1062 4254 militiae
1081 4176 1258 4264 ordinem,
1286 4197 1371 4274 quo,
1400 4199 1447 4252 ex
1465 4176 1572 4252 insti·

454 4303 533 4370 tuto
559 4298 791 4395 provinciae,
828 4326 852 4376 a
888 4302 1030 4378 vicenis
1057 4303 1176 4401 portis
1204 4301 1414 4377 tributariis
1434 4303 1573 4400 singuli

454 4419 610 4517 equites,
630 4423 829 4522 itidemque
848 4427 993 4524 pedites
1012 4429 1051 4504 iu
1068 4429 1206 4503 bellum
1226 4427 1427 4520 mittuntur,
1457 4438 1497 4505 ut
1516 4431 1577 4504 de·

455 4544 571 4620 cimus
591 4548 747 4645 quiaque
775 4574 823 4626 er
851 4553 948 4626 omni
978 4551 1088 4649 plebe
1108 4552 1422 4650 Trausylvanica‚
1453 4554 1501 4629 ad
1520 4577 1579 4628 su-

454 4669 553 4744 bitos
572 4694 681 4745 casus
700 4673 753 4748 ita
772 4678 885 4750 armis
904 4677 1104 4752 instructus
1133 4677 1231 4751 domi
1261 4701 1301 4752 se
1322 4679 1521 4759 contineat.
1542 4686 1581 4753 ut
