3625 5534
507 497 585 578 268
901 522 951 574 ιο.
970 521 1070 572 nucu
1089 521 1237 573 nnnovn

506 705 745 801 euaequaret.
771 695 1095 790 Respondentibus
1126 695 1351 792 purpuratis,
1384 694 1526 770 nullum
1546 717 1623 771 esse

504 829 580 898 tam
597 821 725 898 durum
744 830 782 897 et
798 822 973 896 invictum
988 843 1128 912 saxum,
1157 843 1204 894 ex
1223 841 1294 917 quo
1315 820 1479 918 quotidie
1494 820 1626 918 aliquid

505 947 626 1022 decuti
645 951 815 1042 nequeat,
835 943 997 1022 Caesar:
1025 944 1110 1019 Non
1129 950 1187 1018 est
1204 945 1328 1039 igitur,
1347 943 1476 1041 inquit,
1497 944 1621 1042 despe-

504 1072 676 1163 randum,
707 1071 898 1168 quominus
919 1068 1039 1165 Agria
1059 1091 1204 1166 quoquc
1222 1044 1417 1167 potiamur.
1456 1069 1545 1144 Non
1563 1069 1620 1144 de·

394 1181 405 1202 ’
505 1220 591 1273 esse
609 1197 704 1272 enim
724 1197 796 1271 sibi
815 1219 887 1271 nec
900 1194 1176 1282 multitudinem,
1196 1194 1536 1282 necinstrumenta,
1557 1194 1626 1291 qui·

504 1323 575 1397 bus
594 1319 831 1396 fundamenta
850 1319 950 1393 arcis
968 1319 1022 1394 ita
1041 1318 1275 1406 subruantur,
1308 1325 1346 1391 et
1374 1318 1626 1405 suffodiuntur,

503 1454 545 1520 ut
580 1444 730 1520 tandem
767 1445 912 1518 moenia
951 1443 1029 1518 eins
1068 1465 1240 1517 corruere
1281 1465 1439 1518 necesse
1469 1443 1529 1517 sit.
1572 1442 1627 1517 Ita

504 1593 595 1666 ergo
615 1571 810 1663 animatus,
838 1569 890 1644 ita
917 1575 1080 1644 armatus
1100 1564 1254 1658 Caesar,
1285 1569 1441 1650 traiecto
1472 1567 1521 1642 ad
1539 1567 1623 1640 Eze-

504 1697 610 1771 chum
647 1695 841 1776 Danubio,
884 1692 1108 1790 Segedinnm
1135 1693 1272 1792 primo,
1306 1694 1392 1767 inde
1421 1692 1623 1770 Zoluoknn

502 1818 674 1920 appulit·
692 1826 730 1893 et
749 1818 903 1894 eundem
932 1839 1039 1914 quern
1064 1815 1220 1893 diximus
1250 1817 1436 1892 Venirinm
1467 1818 1620 1892 Bassam

503 1945 552 2021 ad
570 1944 811 2024 obsidendam
830 1943 986 2041 Agrium
997 1945 1431 2044 ‘praemisitfpaucisqne
1448 1951 1538 2044 post
1555 1944 1623 2018 dic

504 2074 575 2148 bus
593 2072 676 2170 ipse
695 2091 839 2168 quoque
858 2091 939 2144 cum
972 2075 1049 2144 toto
1075 2070 1239 2145 exercitu
1256 2071 1367 2146 XXI.
1386 2068 1622 2169 Septembris,

502 2194 731 2288 aGciaffero,
752 2194 926 2287 ibraimo‚
946 2195 1101 2271 Hauono
1122 2201 1159 2270 et
1178 2191 1308 2270 Oicala
1318 2195 1452 2271 Bessis
1467 2192 1622 2270 Veziriis

377 2390 380 2397 .
502 2323 706 2413 comitatus,
743 2320 871 2395 eodem
889 2320 1079 2418 profectus
1106 2328 1171 2394 est.
1204 2319 1456 2396 Occurrerunt
1474 2328 1619 2396 strenue

502 2447 683 2522 Barbarie
713 2444 930 2542 Agrienses,
969 2453 1006 2520 et
1045 2445 1293 2540 compluribus
1325 2469 1452 2521 eorum
1491 2445 1620 2544 partim

500 2573 631 2670 captis,
650 2571 786 2670 partim
798 2569 1018 2662 interfectio,
1037 2571 1085 2645 ab
1097 2570 1292 2667 ingruente
1307 2571 1458 2645 tandem
1467 2570 1618 2645 multitu·

500 2696 594 2787 dine,
612 2696 711 2769 iutra
727 2695 874 2770 moenia
893 2695 1019 2792 oppidi
1036 2695 1181 2794 repulsi
1200 2704 1295 2771 sunt.
1317 2697 1460 2771 Idvero
1471 2716 1621 2771 eumne-

501 2842 683 2918 quaquam
694 2819 840 2895 defendi
849 2841 963 2918 posse
974 2821 1239 2919 conspicerent,
1258 2821 1421 2897 incensis
1435 2828 1525 2919 post
1543 2843 1620 2897 sex-

501 2955 577 3022 tum
596 2945 883 3044 oppugnationis
903 2946 1011 3038 diem,
1032 2947 1507 3046 quaeadoppugnationem
1527 2949 1620 3022 arcis
1733 3012 1734 3026 ,

496 3072 668 3149 hostibus
685 3072 879 3169 profutura
905 3070 1139 3160 videbantur,
1160 3078 1293 3169 sponte
1314 3072 1501 3163 deserunt,
1522 3096 1567 3148 ac
1583 3073 1617 3147 in

497 3219 621 3273 arcem
630 3199 672 3272 se
689 3197 880 3295 recipiunt.
902 3195 1084 3272 Praeerat
1094 3203 1180 3272 tunc
1200 3197 1278 3271 arci
1295 3194 1435 3271 Paulus
1455 3198 1617 3294 Nyarius
1733 3183 1734 3188 Ν

498 3320 686 3418 Vngaruu‚
704 3343 752 3396 ex
769 3321 908 3395 illustri
917 3317 1060 3394 familia
1073 3328 1289 3417 prognatus,
1299 3321 1465 3417 nihilque
1475 3323 1618 3417 penitus

496 3446 688 3520 omittebat
707 3466 842 3537 eornm,
871 3467 967 3542 quae
996 3445 1248 3521 defensionem
1267 3447 1361 3521 tanti
1379 3446 1540 3544 talisque
1558 3473 1618 3546 pa·
1733 3435 1734 3492 Ὗ

494 3570 591 3644 triae
627 3570 896 3668 propugnaculi
932 3570 1058 3646 facere
1096 3572 1319 3648 viderentur.
1372 3575 1505 3670 itaque
1530 3571 1605 3648 mih
1733 3589 1734 3598 ‘

495 3703 555 3772 tes
585 3716 712 3770 omnes
740 3702 931 3787 convocat,
962 3702 999 3770 et
1027 3695 1125 3786 dato,
1154 3705 1381 3793 acceptoque
1407 3697 1493 3772 fidei
1522 3699 1618 3774 iura·

498 3829 631 3914 mento,
652 3822 701 3896 ad
719 3818 1025 3919 propugnandam
1054 3822 1148 3896 tanti
1167 3822 1339 3898 momenti
1358 3844 1482 3896 arcem
1500 3822 1620 3898 horta

494 3955 573 4041 tnr;
592 3967 677 4021 mox
696 3945 815 4020 diviso
834 3943 1034 4042 praesidio,
1062 3945 1259 4043 unicuique
1287 3968 1392 4020 suam
1424 3946 1618 4023 stationem

494 4070 667 4161 destinat,
705 4069 854 4168 etquid
882 4069 1040 4162 singulis
1071 4071 1121 4144 sit
1139 4070 1333 4167 agendum,
1357 4071 1428 4146 rite
1447 4069 1616 4171 disponit.
1733 4067 1734 4098 ¹

494 4197 583 4293 Ipse
612 4218 692 4270 oum
711 4193 862 4270 Andrea
880 4196 1046 4288 Barcsai‚
1076 4194 1264 4272 Tercakio
1285 4220 1330 4270 ac
1348 4197 1527 4288 Thumio,
1564 4219 1618 4272 ce·

493 4320 659 4418 terisque
672 4321 889 4418 proceribus
908 4323 1046 4398 nullum
1065 4329 1203 4397 eertum
1223 4325 1344 4398 locum
1354 4323 1428 4400 sibi
1438 4325 1617 4419 assignat,

494 4445 562 4521 sed
579 4447 616 4521 in
636 4469 763 4522 omnes
782 4446 1000 4552 occasiones
1008 4448 1182 4539 intentus,
1202 4449 1289 4545 qnid
1304 4448 1497 4546 cuiquesit
1507 4469 1613 4544 ogen-
1733 4459 1734 4552 t

494 4570 590 4662 dum,
618 4579 768 4647 strenue
795 4571 977 4669 providet
1006 4569 1081 4648 Sed
1108 4579 1216 4647 tauta
1237 4573 1306 4647 fuit
1325 4572 1533 4648 Turoarnm
1561 4593 1616 4644 ra·
1733 4557 1734 4568 Ν

440 4739 456 4797 ·.
493 4694 585 4788 hies,
602 4702 646 4772 ut
661 4695 865 4774 oumfessis
882 4705 1052 4776 recentes
1071 4698 1322 4796 succederent,
1342 4703 1379 4774 et
1388 4696 1612 4801 oppugnatio
