3625 5534
863 482 913 533 10.
934 481 1035 534 naon
1053 483 1202 536 nsssovn

811 725 987 876 osuiu*
1016 798 1243 876 SEXTVM.

459 984 516 1055 De
538 982 662 1076 Lippa
681 1008 703 1051 α
728 979 859 1052 'l'rtrcr's
887 980 993 1052 irrito
1024 993 1154 1052 certata
1185 993 1408 1078 oppapuara,
1427 979 1596 1079 fragoris·

639 1132 706 1202 qaae
725 1105 811 1177 inde
836 1130 906 1200 per
930 1104 1202 1198 Trarrspltmoos
1224 1105 1411 1178 Barbarie.

481 1333 486 1337 -
568 1283 767 1383 Superiora
786 1305 937 1358 suorum
957 1284 1063 1359 olade
1082 1293 1285 1361 commotus
1314 1307 1434 1359 novus
1453 1286 1591 1378 Bassa,

458 1435 540 1490 oum
557 1412 743 1486 somonam
761 1409 976 1506 provinciae
1005 1433 1095 1484 suae
1124 1410 1285 1508 experiri
1313 1411 1437 1504 vellet,
1468 1405 1593 1486 simul-

460 1561 531 1636 que
550 1537 709 1636 Lippam
726 1534 885 1612 nondum
916 1535 1009 1609 satis
1041 1560 1064 1610 a
1093 1535 1231 1610 uostris
1259 1535 1443 1618 firmatam
1472 1536 1587 1611 facile

461 1662 710 1760 necopinata
746 1660 950 1760 irruptione
979 1660 1063 1758 oapi
1090 1683 1203 1758 posse
1238 1669 1426 1758 speraret:
1456 1661 1591 1738 statuit

429 1781 436 1793 ’
463 1787 581 1886 primo
611 1810 756 1885 quoque
794 1795 960 1885 tempore
989 1787 1301 1884 oppugnationem
1321 1788 1400 1862 eius
1430 1795 1590 1863 tentare.

462 1913 549 1988 Nou
568 1891 762 1988 defuerunt
780 1922 904 1988 tamen
925 1913 994 1987 viri
1012 1912 1223 2010 prudentes,
1244 1914 1306 2011 qui
1324 1922 1508 2008 putarent,
1533 1913 1591 1988 de·

463 2038 623 2116 liberato
654 2041 724 2114 hoe
756 2038 944 2135 negotium
964 2039 1119 2113 oonsilio
1148 2065 1172 2113 a
1192 2036 1358 2114 Caesare
1385 2041 1589 2114 Timosva-

462 2165 577 2240 riensi
587 2164 778 2263 praefecto
787 2163 998 2254 iniunctum,
1009 2172 1049 2239 ut
1059 2163 1130 2237 hae
1140 2164 1419 2262 oppugnatione
1430 2165 1590 2240 omnium

385 2313 389 2324 ·
461 2290 602 2367 animos
622 2297 810 2364 averteret
834 2290 880 2363 ab
901 2287 1139 2384 Agriensium
1170 2289 1427 2378 sollieitudine,
1457 2291 1590 2388 quibus

460 2417 535 2491 iam
553 2424 629 2490 tum
648 2415 775 2489 Toron
795 2414 993 2510 perniciem
1019 2414 1250 2510 moliebatur.
1289 2415 1385 2488 Nam
1405 2417 1475 2491 sub
1494 2415 1588 2489 idem

460 2542 576 2617 ferme
597 2541 697 2616 veris
715 2539 857 2615 initium
876 2541 1003 2635 Bogus
1022 2536 1313 2633 Szolnokiensis,
1345 2563 1426 2615 oum
1454 2563 1590 2636 magna

395 2733 398 2736 ,
462 2667 668 2740 Turoarum
678 2660 1172 2763 Tartarorumve.(manu)in
1182 2665 1357 2743 ditionem
1366 2665 1589 2763 Agriensem

461 2791 657 2890 irruperat,
667 2791 909 2889 omnibusque
920 2790 1021 2868 eirea
1035 2791 1190 2889 Agriam
1200 2792 1294 2870 loeis
1306 2789 1506 2890 diligenter
1524 2815 1586 2867 ex-

463 2918 632 3017 ploratis,
660 2925 811 3020 praeter
841 2942 1015 3014 magnam
1042 2918 1246 3015 agrestium
1273 2926 1385 3014 atque
1411 2926 1587 2996 mereato-

462 3067 542 3120 rum
561 3044 715 3142 copiam,
736 3045 798 3140 qui
816 3042 854 3116 iu
870 3019 1075 3118 mereatum
1101 3066 1145 3117 eo
1176 3067 1218 3118 se
1242 3045 1485 3136 contulerant,
1512 3045 1586 3143 ple·

463 3193 599 3267 rosque
619 3194 665 3245 ex
684 3169 872 3266 praesidio
893 3169 1069 3264 Agriensi
1090 3170 1192 3245 viros
1222 3177 1394 3244 strenuos
1412 3170 1461 3244 ad
1479 3170 1586 3244 inter-

463 3295 651 3370 necionem
688 3296 844 3372 luderat.
887 3296 995 3371 Haeo
1031 3296 1159 3371 clades
1198 3294 1437 3390 Agriensium
1476 3295 1586 3370 veluti

464 3422 689 3519 praenuneia
707 3423 777 3496 tuit
795 3423 894 3498 areis
914 3422 1004 3516 eius,
1024 3445 1120 3518 quae
1138 3423 1249 3520 paulo
1269 3429 1355 3520 post
1374 3432 1504 3498 secuta
1522 3431 1586 3510 est,

464 3547 761 3645 expugnationis.
781 3548 854 3623 His
870 3572 962 3646 ergo
991 3572 1036 3623 ao
1064 3548 1232 3647 pluribus
1263 3548 1373 3622 etiam
1399 3548 1585 3625 decausis

465 3672 946 3756 BassaTtimtisvariensis,
976 3699 1043 3751 seu
1071 3683 1203 3774 sponte
1233 3675 1371 3750 inferre
1390 3676 1494 3775 prius
1515 3675 1587 3752 bel·
1690 3705 1693 3716 ·

465 3802 540 3876 lum
569 3823 679 3896 quam
698 3801 872 3900 excipere
893 3800 1011 3876 satius
1041 3802 1123 3876 fore
1141 3808 1256 3892 ratus,
1286 3823 1352 3875 seu
1381 3825 1405 3874 a
1424 3797 1587 3877 Caesare

464 3927 547 4024 ipso
560 3923 696 4018 iussus,
716 3925 1275 4025 Iaurino,ubihybernaverant,
1287 3932 1324 4000 et
1336 3928 1586 4023 eunotalonge

464 4059 613 4147 lateque
632 4048 731 4125 ferro
751 4058 863 4148 atque
891 4051 1039 4127 flamma
1067 4060 1317 4146 vastaverant,
1344 4050 1587 4129 Tartarorum

464 4174 642 4271 reliquias
670 4175 718 4251 ad
738 4199 780 4251 se
808 4177 935 4253 venire
960 4177 1072 4253 iubet.
1101 4177 1264 4270 Tartari,
1292 4185 1333 4252 ut
1358 4185 1501 4253 terrore
1527 4176 1587 4254 al·

466 4309 598 4375 ventus
618 4301 675 4375 sui
695 4309 770 4377 tam
790 4301 1088 4401 Transylvanos,
1109 4324 1219 4399 quam
1230 4302 1407 4399 Vngaros
1428 4313 1587 4379 conster-

465 4435 606 4520 natent,
622 4428 810 4524 regionem
822 4427 1230 4526 ChrysioMarusioque
1241 4429 1419 4504 inolusam
1439 4425 1587 4528 (graece

378 4561 390 4578 ·
467 4551 787 4652 Mesopotamiam,
806 4557 920 4631 latine
939 4556 1202 4631 Interamniam
1234 4553 1387 4654 Olrrysii
1417 4555 1586 4632 llarusii·

467 4701 537 4774 que
549 4679 672 4755 disere
685 4677 895 4780 possemus)
907 4683 977 4758 sub
998 4682 1240 4781 speeiepaeis
1252 4705 1296 4756 ex
1315 4681 1586 4780 improvisode·
