3625 5534
483 479 657 551 XXXVIII
880 473 1228 546 nrcsruiuuosbonur

490 666 680 745 dubitavit.
701 665 803 742 Idem
836 667 1004 739 feceruut
1022 659 1269 762 Chrysippus,
1280 659 1495 752 Cleanthes,
1517 664 1619 740 The·

486 794 696 894 ophrastus,
717 789 913 875 Aristides,
932 787 1146 878 Clearchus,
1163 788 1389 881 zenodotus,
1419 789 1618 889 Didymus,
1727 792 1728 799 '

487 921 714 1012 Tarrhueus,
732 916 1000 1017 Diogenianus‚
1010 897 1234 1016 Hesychius,
1254 913 1401 1008 Suidas,
1416 913 1618 996 Sobesos,

486 1057 525 1125 et
542 1047 606 1124 alii
625 1043 844 1144 complures,
873 1064 968 1140 quos
995 1064 1210 1118 enumerare
1237 1065 1365 1120 omnes
1390 1042 1502 1118 nimis
1529 1067 1616 1143 ope·

486 1197 609 1251 rosum
626 1173 733 1250 toret.
754 1171 808 1246 Vt
823 1168 898 1244 iam
915 1168 1008 1243 nihil
1027 1167 1190 1244 dicamus
1219 1169 1265 1243 de
1284 1168 1483 1246 Herculeis
1511 1167 1618 1246 labo

486 1300 640 1376 boribus
657 1295 781 1394 magni
799 1294 899 1370 illius
918 1293 1078 1385 Erasini,
1095 1293 1183 1369 item
1202 1293 1309 1387 Iunii,
1328 1291 1504 1387 Gilberti,
1519 1295 1614 1372 alio

486 1449 638 1524 rumque
657 1423 901 1500 recentiorum
920 1420 1355 1520 Paroemiographorum,
1374 1444 1470 1520 quos
1482 1445 1616 1498 omncs

375 1591 379 1600 .
485 1551 582 1626 idem
609 1573 690 1628 cum
717 1547 905 1624 veteribus
944 1566 1074 1623 saxum
1102 1545 1252 1622 voluere
1280 1569 1349 1622 nec
1374 1546 1516 1646 piguit,
1543 1571 1618 1626 neo

511 1677 623 1756 uduit.

485 1702 510 1777 p
595 1801 676 1877 Iam
694 1822 785 1877 vero
804 1798 837 1874 si
856 1798 1052 1875 utilitatem
1069 1797 1347 1875 Paroemiarum
1372 1800 1617 1880 considerare

486 1927 595 2026 libet;
616 1901 714 2025 quae
732 1924 968 2025 praecipuum
992 1923 1032 1998 in
1058 1924 1358 2001 commendandis
1384 1928 1498 2004 rebus
1520 1952 1614 2027 pou-

486 2055 555 2131 dus
573 2055 712 2130 habere
730 2053 844 2128 solet:
877 2042 1142 2150 comperiemus
1160 2074 1251 2126 sanc
1269 2052 1491 2129 familiarem
1520 2053 1615 2133 Pro·

484 2182 693 2260 verbiorum
711 2178 971 2275 cognitionem,
990 2200 1073 2255 cum
1091 2176 1140 2253 ad
1158 2177 1235 2254 alia
1252 2176 1379 2271 multa,
1405 2185 1483 2258 tum
1502 2205 1614 2280 prae·

484 2309 591 2410 cipue
610 2305 769 2384 adhaec
787 2312 945 2408 quatuor
962 2303 1156 2403 plurimum
1174 2303 1399 2380 conducere:
1419 2306 1470 2381 ad
1483 2305 1613 2384 Philo

483 2433 662 2533 sophiam,
682 2431 731 2508 ad
752 2430 1055 2530 persuadendum,
1084 2429 1133 2505 ad
1160 2437 1392 2506 venustatem
1418 2433 1613 2534 orationis,

484 2560 532 2636 ad
567 2555 828 2654 intelligendos
856 2555 1015 2654 denique
1034 2555 1194 2654 optimos
1226 2577 1393 2654 quosque
1420 2558 1614 2650 authores,

484 2686 547 2785 qui
565 2683 775 2785 proverbiis
802 2683 944 2782 passim
962 2681 1092 2759 referti
1111 2691 1207 2760 sunt.

593 2808 654 2886 Ad
672 2809 951 2908 Philosophiam
969 2807 1308 2909 adagiaplurimum
1316 2811 1489 2887 momenti
1500 2814 1612 2892 affer·

483 2961 524 3017 re
545 2939 682 3014 nullum
701 2936 848 3015 dubium
873 2944 942 3030 est,
971 2960 1068 3036 quae
1093 2959 1176 3015 cum
1205 2937 1374 3015 maximis
1401 2963 1523 3019 rerum
1542 2944 1612 3020 hu·

484 3087 673 3142 manarum
697 3065 864 3142 cladibus
892 3071 1003 3163 atque
1030 3064 1346 3144 vicissitudinibus
1374 3091 1448 3144 non
1475 3090 1610 3168 parum

483 3193 681 3268 obscurata
699 3215 744 3268 ac
768 3190 1029 3292 propemodum
1048 3190 1213 3269 extincta
1228 3191 1381 3270 inisset:
1402 3212 1539 3294 magna
1556 3220 1609 3274 cx

480 3317 645 3418 partein
672 3318 763 3394 solis
789 3317 997 3394 Paroemiis
1023 3325 1244 3419 conservata
1270 3325 1330 3395 est
1356 3342 1401 3396 ac
1428 3322 1605 3420 reviguit,

480 3466 575 3542 quac
593 3443 727 3542 partim
745 3443 793 3520 ob
812 3442 1065 3542 compendium
1082 3466 1128 3520 ac
1146 3443 1378 3537 brevitatem,
1388 3447 1523 3545 partim
1542 3471 1609 3527 vc·

478 3591 522 3647 ro
540 3571 588 3645 ob
602 3569 839 3647 festivitatem
858 3593 903 3646 ac
919 3571 1081 3670 leporem
1109 3572 1158 3648 ob
1179 3571 1347 3648 omnibus
1374 3573 1512 3673 ubique
1538 3578 1606 3656 ho·

479 3695 639 3774 minibus
657 3696 815 3772 libenter
834 3720 916 3773 oum
934 3697 1028 3795 ipsis
1055 3706 1209 3776 naturae
1236 3698 1429 3800 principiis
1456 3723 1607 3779 conser-

478 3829 591 3900 vatae
607 3824 763 3900 luerunt.
774 3821 1066 3922 Alloquinenim
1085 3826 1148 3924 qui
1161 3824 1243 3901 lieri
1260 3826 1389 3925 potuit,
1408 3834 1606 3906 utuusea·

478 3948 634 4049 demque
661 3950 843 4026 sententia
868 3951 1116 4048 proverbialis
1144 3952 1346 4030 incentum
1363 3953 1473 4030 simul
1488 3978 1606 4055 popu·

478 4075 537 4154 los
555 4097 600 4154 ao
618 4076 765 4172 linguas
786 4075 992 4170 utmanarit,
1012 4077 1105 4156 adeo
1126 4086 1232 4156 utne
1250 4086 1307 4156 tot
1323 4080 1469 4178 quidem
1497 4105 1604 4160 secu-

478 4199 536 4288 lis,
555 4201 699 4301 quibus,
718 4226 787 4280 nec
804 4203 918 4282 urbes
937 4204 1189 4305 amplissImae
1207 4214 1320 4306 atque
1346 4208 1605 4307 potentissima

476 4351 605 4426 regna,
623 4351 692 4406 nec
709 4329 980 4430 stupescendae
990 4331 1203 4431 pyramides
1220 4333 1532 4428 obstiterunt'vel
1548 4334 1602 4410 in-

477 4453 630 4548 terierit,
649 4456 710 4531 vel
730 4457 840 4534 etiam
866 4456 1112 4533 consenuerit.
1143 4460 1248 4536 Inest
1272 4460 1441 4538 nimitum
1467 4462 1506 4538 in
1532 4485 1597 4560 pa·

476 4579 626 4658 rsemiis
644 4581 770 4666 nativa
788 4581 969 4692 quaedam
990 4581 1048 4668 vIs
1068 4582 1246 4678 veritatis,
1274 4592 1313 4662 et
1340 4586 1438 4685 quod
1466 4583 1600 4666 Cicero
