3625 5534
478 495 527 546 na
545 495 626 547 aas.
645 494 729 547 vus.
748 495 832 547 nnc.
854 496 888 546 x.
909 497 942 546 a.
962 496 1039 546 v111.
1258 469 1333 548 187

194 671 405 747 confestim
432 679 549 760 vocat,
578 677 614 746 et
641 671 834 745 tormentis
862 677 950 746 aute
978 671 1095 746 aciem
1123 671 1335 749 constitutis

194 798 338 896 copias
366 821 436 895 pro
464 797 607 872 ratione
635 796 814 895 temporis
842 820 887 870 ac
914 796 988 871 loci
1025 795 1200 896 disponit.
1240 799 1336 874 Erat

194 923 348 1000 nostris
367 946 415 998 ex
434 922 593 998 adverso
613 921 721 998 collis
749 922 909 1021 quidam,
928 946 975 998 ex
994 944 1066 1020 quo
1094 923 1276 999 Barbaris
1297 924 1335 999 in

194 1057 358 1124 nostros
378 1047 644 1124 decurrendum
663 1056 754 1123 erat
783 1048 943 1124 Eccum
979 1055 1241 1125 antecursores
1269 1073 1333 1126 co·

193 1197 281 1251 rum
301 1173 561 1265 devenissent,
586 1172 882 1249 animadversum
909 1181 968 1249 est
992 1175 1041 1249 ab
1060 1173 1237 1270 Vngaris,
1265 1175 1335 1250 liu·

193 1309 263 1376 tea
302 1299 523 1400 cuspidibus
559 1300 750 1376 hastarum
778 1301 986 1374 ornamenti
1004 1300 1128 1396 gratia
1145 1324 1214 1398 pro
1229 1321 1331 1375 more

195 1427 347 1520 addita,
366 1426 619 1525 aspirantibus
638 1425 759 1501 ventis
777 1448 911 1502 versus
939 1427 1140 1504 exercitum
1168 1436 1334 1503 nostrum

195 1551 358 1649 impelli.
377 1551 424 1626 Id
441 1551 597 1649 primum
615 1550 684 1626 fuit
700 1552 788 1626 boni
807 1552 940 1627 ominis
958 1553 1039 1627 loco
1059 1579 1083 1629 a
1109 1555 1248 1629 uostris
1277 1577 1335 1628 ao

197 1687 367 1778 ceptum.
387 1677 538 1754 Interim
558 1685 596 1752 et
614 1678 736 1754 Bassa
753 1678 912 1776 ipsemet
939 1702 1019 1754 cum
1046 1680 1222 1755 universo
1251 1702 1333 1755 suo·

197 1825 286 1878 rum
316 1803 484 1880 exercitu
510 1802 599 1878 colli
628 1801 826 1895 insistens,
854 1811 1038 1879 tormenta
1075 1805 1269 1881 confestim
1296 1805 1336 1879 iu

76 1971 77 1980 κ
197 1925 413 2002 subiectam
432 1933 640 2003 nostrornm
658 1927 776 2004 aciem
795 1927 932 2024 dirigit,
952 1936 1333 2028 contemptaquepau·

197 2053 321 2127 citato
343 2052 436 2128 citra
452 2050 567 2128 nllam
584 2053 728 2128 timoris
748 2053 1056 2150 significationem
1075 2053 1113 2126 in
1132 2076 1199 2130 eos
1214 2057 1334 2128 excel·

198 2200 245 2253 so
266 2177 396 2252 animo
415 2177 613 2253 decurrere
631 2178 767 2275 pergit.
789 2178 865 2254 Vix
884 2179 986 2253 acies
1009 2177 1181 2275 utrinque
1210 2179 1332 2276 dispo·

198 2304 302 2379 sitae
322 2304 480 2396 fueraut,
499 2326 581 2379 cnm
600 2305 748 2380 'Furcae
767 2303 913 2402 priores
931 2309 1117 2379 tormenta
1135 2304 1334 2379 innostros

199 2435 425 2519 exonerant,
443 2426 660 2527 ingentique
680 2430 843 2505 elamore
862 2427 1014 2504 irruunt
1034 2429 1133 2505 Mira
1150 2437 1255 2506 certe
1273 2454 1336 2506 res

197 2555 283 2648 fnit,
294 2561 335 2629 et
346 2554 418 2630 soli
427 2553 589 2631 Divinae
598 2552 860 2631 Providentiae
871 2553 1130 2648 adscribenda,
1146 2556 1336 2655 quod‘glo-
1461 2625 1465 2629 ,

200 2680 263 2756 bis
283 2679 487 2755 hostilibus
507 2678 608 2756 acies
635 2687 844 2756 nostrorum
882 2683 1205 2779 supervolantibus
1244 2683 1335 2758 nibil

202 2806 420 2884 detrimenti
439 2829 481 2882 eo
500 2829 639 2903 genere
667 2806 846 2882 militibus
873 2807 1013 2884 uostris
1040 2808 1184 2884 illatum
1213 2810 1335 2900 fuerit,

202 2958 289 3010 cnm
309 2957 333 3008 e
353 2931 538 3008 contrario
557 2931 686 3030 primis
705 2932 830 3010 statim
854 2930 1092 3029 Vngarorum
1122 2931 1336 3008 eiaculatio·

200 3061 317 3136 nibus
337 3057 485 3155 plurimi
504 3057 742 3134 exBarbaris
760 3058 919 3156 protriti,
938 3059 1165 3155 pulvereque
1174 3065 1334 3133 tormen-

203 3185 309 3262 tario
339 3185 437 3259 forte
463 3183 615 3260 incenso
635 3208 771 3282 magua
797 3186 873 3260 illis
901 3192 1050 3282 strages
1069 3183 1177 3259 illata
1210 3184 1333 3260 inerit.

204 3307 356 3386 luvecti
374 3315 498 3385 taum
517 3316 603 3384 sunt
620 3310 767 3386 fortiter
785 3310 948 3386 Barbari
965 3310 1004 3384 in
1022 3316 1181 3402 nostros,
1197 3317 1236 3385 et
1253 3333 1334 3386 cum

202 3435 358 3535 pedites
377 3431 594 3528 Saronicus,
614 3436 768 3526 aliosve,
788 3437 851 3534 qui
867 3436 1024 3534 primam
1042 3436 1160 3512 aciem
1179 3437 1335 3513 sustine·

202 3562 309 3651 bant,
341 3558 459 3656 primo
492 3559 617 3636 statim
653 3561 791 3659 impetu
818 3562 1071 3652 inclinassent,
1100 3569 1334 3659 ceteramque

203 3687 448 3782 Vngarorum
484 3693 629 3783 partem
666 3686 929 3763 circumvenire
966 3687 1240 3780 contenderent,
1288 3690 1336 3764 ab

203 3810 399 3910 equitibus
427 3811 583 3910 excepti,
600 3813 745 3910 praelio
773 3837 847 3890 uon
874 3811 937 3889 diu
962 3816 1123 3890 tolerato
1149 3815 1189 3889 iu
1206 3814 1333 3911 fugam

204 3935 405 4012 confestim
423 3944 693 4012 convertuntur.
722 3938 868 4014 Instant
895 3938 1123 4037 fngientibus
1150 3937 1269 4015 nostri
1297 3945 1335 4012 et

204 4083 291 4138 cum
321 4059 456 4137 cedere
484 4083 550 4138 eos
569 4062 747 4156 viderent,
771 4065 892 4160 mags
912 4089 957 4139 ac
975 4065 1095 4158 magis
1128 4061 1336 4161 dispalatos

202 4186 415 4284 impellunt.
450 4183 556 4278 Quae
583 4187 667 4262 dum
695 4186 747 4262 ibi
777 4195 965 4283 geruntur,
1003 4185 1149 4261 iuterim
1178 4188 1337 4278 Meae,

204 4335 303 4410 quos
331 4311 371 4385 iu
390 4335 479 4388 arce
505 4311 675 4412 captivos
703 4320 922 4390 asservatos
940 4313 1164 4403 dixeramus,
1184 4310 1334 4406 cognito

204 4439 358 4514 Bassac
395 4437 557 4514 adventu
593 4438 750 4514 vinculis
789 4463 875 4516 sese
912 4441 1112 4532 solueraut,
1150 4445 1188 4513 et
1224 4445 1336 4536 prout

130 4557 136 4568 ’
206 4585 393 4662 quemque
421 4584 506 4638 sors
533 4571 757 4659 armaverat,
777 4564 933 4642 aedibus
959 4565 1047 4657 illis,
1079 4563 1144 4639 ubi
1163 4584 1336 4638 asserva·

205 4690 357 4780 bantur,
376 4689 531 4788 pulvere
549 4689 754 4766 clanculum
773 4689 1014 4768 tormentatio
1038 4689 1231 4787 supposito
1259 4695 1334 4764 tur·
