3625 5534
491 483 570 559 320
891 508 940 558 10.
961 508 1061 558 naen
1078 507 1227 559 nnrovn

405 709 413 724 ⁴
492 683 629 759 sacello
649 683 831 775 cederent,
852 678 1067 759 Catholicos
1086 681 1359 757 admonuerant
1387 679 1449 756 Illi
1468 703 1605 778 nequa·

491 832 598 905 quam
618 810 815 886 cedendum
826 810 908 902 rati,
928 816 966 884 et
976 817 1050 885 tam
1061 809 1256 886 donatione
1267 807 1474 909 principali,
1495 831 1603 905 quam

491 957 580 1010 vero
599 937 740 1013 iuribus
759 937 843 1013 aliis
863 935 1022 1028 subnixi,
1052 935 1177 1010 affixis
1201 942 1379 1032 suggesto
1399 941 1607 1034 protestan-

491 1063 580 1138 tium
599 1062 737 1138 chartis
764 1063 802 1136 in
830 1085 896 1137 eos
925 1063 1059 1138 acerbe
1077 1062 1223 1156 invecti,
1260 1085 1305 1136 ac
1334 1062 1415 1136 dira
1439 1083 1607 1159 quaeque

346 1218 348 1221 ·
492 1190 567 1264 illis
594 1189 800 1265 comminati
829 1198 924 1264 sunt.
962 1191 1055 1265 Eam
1084 1190 1259 1283 chartam,
1289 1210 1369 1264 cum
1388 1186 1610 1263 Ambrosius

491 1315 745 1391 Dereezkeius
781 1316 947 1392 minister
966 1318 1044 1392 eius
1063 1317 1134 1392 loci
1152 1318 1190 1392 in
1208 1324 1387 1414 suggesto
1405 1316 1611 1415 reperisset

490 1443 796 1541 perlegissetque,
816 1467 860 1519 00
882 1444 1028 1543 quidem
1047 1453 1212 1545 tempore
1231 1445 1413 1520 subticuit.
1448 1441 1523 1519 Sed
1541 1443 1605 1518 ha·

490 1569 568 1643 bita
586 1569 760 1644 concione
787 1594 865 1645 rem
893 1571 1085 1670 capitaneo
1106 1570 1215 1668 arcis,
1250 1570 1457 1668 ceterisque
1476 1569 1609 1668 primo

490 1696 593 1773 ribus
619 1697 824 1774 nobilitatis
843 1700 972 1798 aperit,
1002 1698 1182 1795 simulque
1201 1698 1413 1775 schedulam
1432 1698 1532 1773 illam
1553 1705 1607 1771 10-

490 1822 563 1899 tius
582 1825 670 1899 mali
696 1825 814 1900 facem
833 1825 909 1899 illis
928 1824 1127 1922 legendam
1148 1824 1307 1900 exhibet.
1326 1825 1418 1900 Eius
1437 1825 1605 1900 1010001-

491 1949 608 2026 bitate
636 1950 805 2025 commoti
822 1949 989 2026 nonnulli
1008 1951 1181 2026 nobilium
1201 1958 1311 2049 atque
1329 1950 1608 2050 oppidanorum,

493 2078 707 2152 catervatim
726 2084 956 2170 concurrunt,
981 2083 1018 2151 et
1036 2077 1135 2152 facto
1155 2076 1292 2175 impetu
1311 2077 1423 2152 aeden
1442 2055 1541 2171 illas,
1571 2075 1609 2150 in

492 2203 624 2301 quibus
644 2203 816 2278 catholici
835 2202 883 2278 ad
900 2225 1011 2279 sacra
1029 2202 1224 2278 convenire
1244 2202 1426 2296 solebant,
1444 2203 1610 2279 funditus

342 2322 345 2330 '
492 2329 647 2425 diruunt,
675 2341 712 2406 01
738 2339 814 2405 tam
832 2331 1028 2407 arboribus
1047 2329 1253 2428 extirpatis,
1283 2353 1392 2427 quam
1411 2330 1607 2406 scrobibus
1723 2369 1724 2414 1

491 2458 711 2553 glacialibus
738 2474 841 2543 terra
868 2458 1061 2557 completis
1090 2466 1219 2534 cuncta
1248 2457 1329 2532 solo
1353 2463 1525 2555 aequant,
1549 2479 1610 2530 sa·

491 2585 700 2660 cerdotibus
719 2607 764 2658 ac
781 2585 942 2677 Iesuitis,
962 2585 1173 2682 quaerique
1192 2583 1396 2683 proximum
1415 2583 1493 2676 fmt,
1513 2582 1606 2679 fuga

493 2707 722 2786 Sabldsiuum
741 2711 909 2808 dilapsis.
930 2709 1013 2803 Qua
1022 2734 1063 2786 re
1074 2711 1224 2808 cognita
1233 2710 1355 2785 Maria
1366 2707 1608 2798 Christierna,
1723 2753 1724 2778 2

491 2860 588 2934 quae
613 2838 780 2935 profecto
800 2835 1042 2934 Sigismnndo
1071 2835 1323 2934 gubernacula
1349 2835 1491 2934 imperii
1510 2845 1609 2910 tene·
1723 2831 1724 2858 l

490 2965 566 3055 bat,
585 2962 867 3041 Bartholomaeo
890 2963 1060 3040 Penzeno
1081 2961 1303 3039 Oonsibario
1316 2959 1513 3054 Caesareo,
1534 2960 1608 3034 De
1723 3035 1724 3052 ,

492 3091 621 3167 metrio
641 3090 833 3192 Napragio
851 3089 1040 3190 Episcopo
1071 3095 1108 3164 01
1127 3086 1362 3164 Cancellario
1381 3086 1610 3183 Transylva-

491 3219 585 3311 niae,
605 3218 761 3317 deniqne
780 3213 929 3293 Christo
938 3217 1055 3315 phoro
1076 3214 1297 3292 Keresztmi
1318 3215 1363 3290 dc
1384 3212 1608 3289 80011111οη0-

493 3343 577 3436 dek,
597 3342 732 3419 Curiae
741 3344 938 3440 Magistro,
959 3341 1188 3420 Varadinum
1205 3341 1341 3435 missis,
1362 3363 1407 3416 ac
1425 3340 1523 3415 datis
1541 3362 1608 3438 per

493 3493 558 3546 eos
576 3470 718 3545 literis:
737 3470 821 3545 Non
836 3471 917 3546 sine
937 3469 1106 3564 maximo,
1135 3469 1262 3566 inquit,
1281 3467 1391 3544 animi
1410 3463 1538 3542 dolore
1558 3465 1608 3538 in-

492 3593 700 3671 telleximus
720 3597 934 3671 seditiosam
953 3605 1116 3672 vestram
1135 3605 1263 3672 contra
1282 3593 1495 3671 Catholicos
1524 3616 1606 3668 con-

495 3722 742 3822 spirationem,
763 3747 872 3820 quam
890 3731 928 3797 et
946 3723 1078 3799 literae
1098 3721 1293 3823 Capitonei
1313 3720 1446 3808 vestri,
1467 3727 1504 3795 et
1523 3742 1610 3817 qno·

494 3850 648 3927 tundam
668 3847 947 3928 Catholieorum
967 3873 1157 3927 sermones
1188 3851 1313 3949 reipsa
1340 3848 1610 3923 confirmarunt.

495 3975 758 4074 Significatum
788 3976 884 4053 euim
911 3998 978 4052 voe
1017 3975 1113 4052 datis
1141 3975 1368 4066 nominibus,
1404 3972 1610 4070 iunctisque

495 4103 635 4178 dextris
652 4103 705 4179 ita
724 4102 936 4179 obstinatos
966 4102 1004 4176 in
1034 4101 1213 4178 excidium
1233 4099 1508 4177 catholicorum
1528 4119 1609 4172 con·

494 4229 672 4329 spirasse,
707 4236 748 4305 ut
776 4229 929 4304 armatis
961 4229 1130 4306 manibus
1158 4227 1287 4304 domos
1317 4249 1443 4302 corum
1470 4223 1610 4302 nefarie

494 4354 733 4448 violaveritis,
761 4379 806 4430 ac
833 4356 1037 4450 securibus,
1066 4355 1263 4452 ligonibus,
1293 4354 1450 4451 aliisque
1478 4353 1610 4428 instru-

496 4483 648 4576 mentis,
674 4481 802 4557 aedem
833 4505 958 4557 eorum
995 4482 1158 4559 demoliti
1185 4480 1349 4576 fueritis,
1376 4479 1611 4574 funditusque

368 4665 373 4674 -
454 4596 457 4604 ’
496 4609 724 4700 everteritis,
760 4631 840 4683 cnm
878 4616 1000 4684 tamen
1036 4609 1173 4708 optimo
1207 4608 1287 4683 inre
1314 4630 1380 4706 per
1408 4605 1609 4703 legitimam

496 4734 682 4834 Principis
718 4734 954 4811 donatiouem
983 4737 1081 4812 bona
1118 4759 1186 4812 sua
1222 4733 1473 4834 possederint:
1512 4730 1610 4806 cuius
