3625 5534
476 487 554 563 242
906 505 955 555 ro.
974 502 1075 554 onon
1094 499 1243 552 arnovn

477 686 573 762 enim
592 693 630 760 te
649 706 731 758 cum
750 681 886 756 Turois
908 685 944 753 et
965 675 1140 753 Tartaris
1160 674 1311 751 collatis
1332 674 1498 749 consiliis
1517 696 1597 748 con-

476 812 654 911 spirasse,
674 819 711 884 et
729 806 943 882 nominatim
963 811 1092 878 contra
1112 801 1284 876 dilectum
1304 799 1419 874 filium
1439 807 1597 874 nostrum

475 937 635 1013 nobilem
656 931 1058 1030 virumSigismundum
1069 926 1370 1025 Transylvaniae
1383 925 1597 1023 Principem,

477 1062 540 1162 qni
559 1060 705 1159 praelia
724 1057 873 1140 Domini
891 1077 1027 1152 magno
1055 1053 1261 1152 praeliatur
1286 1053 1418 1127 animo.
1456 1051 1600 1126 Etenim

476 1213 523 1266 ne
541 1189 597 1262 illi
615 1185 736 1260 hostis
757 1182 1014 1279 superbissimi
1033 1182 1207 1278 impetum
1227 1188 1454 1276 conatusque
1471 1177 1594 1252 infrin-

477 1336 568 1412 gere
586 1314 708 1401 liceat,
730 1309 828 1407 quod
846 1306 1027 1382 hactenus
1047 1305 1229 1400 singulari
1242 1303 1314 1379 Dei
1335 1304 1474 1378 anxilio
1493 1327 1600 1402 super

476 1438 621 1513 virilem
641 1442 785 1534 partem
805 1442 863 1507 est
882 1439 1112 1520 consecutus,
1133 1431 1200 1506 sed
1219 1438 1260 1505 ut
1278 1433 1391 1505 rebus
1420 1429 1497 1504 suis
1525 1430 1599 1525 plu·

475 1565 605 1640 rimum
623 1563 753 1637 timere
772 1567 937 1655 cogatur,
961 1559 1191 1634 triumvirum
1210 1557 1436 1632 authoritate
1456 1565 1494 1632 et
1520 1579 1600 1632 con-

476 1713 589 1768 sensu
625 1714 759 1767 novum
794 1689 833 1763 in
862 1687 1052 1763 Moldavia
1088 1687 1278 1784 provincia
1321 1685 1530 1783 Vajvodam
1567 1691 1601 1758 et

475 1817 686 1915 Principem
707 1814 944 1890 constitutum
963 1835 1060 1904 esse,
1080 1821 1117 1886 et
1135 1812 1314 1904 aTurcis,
1336 1821 1413 1887 ate
1432 1808 1602 1887 etaTar·

475 1945 570 2020 tanis
588 1943 697 2018 simul
715 1941 818 2015 illum
828 1940 1043 2014 Moldaviae
1062 1939 1226 2037 praefici.
1258 1938 1364 2030 Quae
1384 1940 1478 2013 adeo
1497 1937 1601 2012 nobis

475 2093 573 2146 nova
602 2077 640 2143 et
667 2069 919 2164 inexpectata,
953 2074 990 2139 et
1017 2073 1166 2162 praeter
1195 2088 1336 2140 omnem
1365 2071 1529 2140 nostram
1558 2063 1601 2138 de

452 2182 513 2272 ’11
532 2194 751 2293 opinionem,
783 2197 895 2287 atque
925 2191 1019 2264 adeo
1049 2213 1071 2263 a
1099 2195 1163 2265 tua
1180 2191 1321 2289 pietate
1353 2199 1390 2265 et
1407 2189 1601 2288 prudentia

476 2320 561 2396 visa
579 2326 664 2395 snut
685 2317 818 2408 aliena,
847 2322 887 2396 ut
915 2338 1007 2412 prae
1037 2315 1164 2389 dolore
1195 2324 1232 2390 et
1250 2315 1493 2392 admiratione
1512 2337 1602 2414 pene

476 2469 559 2520 cum
579 2444 771 2542 Propheta
788 2440 1056 2517 exclamemus:
1088 2441 1343 2540 obstupescite
1370 2443 1466 2516 coeli
1494 2441 1601 2540 super

474 2573 556 2662 hoc,
576 2579 614 2645 et
630 2577 761 2668 portae
781 2569 860 2644 eius
874 2568 1091 2643 desolamini
1108 2567 1371 2641 vehementer?
1391 2565 1491 2658 Quid
1509 2567 1600 2642 enim

477 2720 500 2771 a
536 2703 666 2771 nostra
693 2701 731 2767 et
756 2696 934 2770 bonorum
962 2695 1121 2769 omnium
1155 2693 1411 2792 expectatione
1439 2693 1603 2780 alienius,

475 2832 540 2900 aut
558 2821 646 2920 quid
663 2819 786 2916 magis
802 2819 1020 2895 incredibile
1042 2820 1226 2916 suspicari
1245 2819 1451 2916 cogitarive
1471 2827 1601 2918 potest,

476 2974 585 3049 quam
615 2945 891 3045 Sigismundum
910 2945 1090 3028 Poloniae
1120 2956 1157 3021 et
1186 2943 1343 3022 Sueciae
1371 2967 1503 3042 regem
1521 2943 1602 3020 reli·

475 3075 736 3174 giosissimum,
765 3074 889 3171 quise
909 3071 1125 3150 Catholicae
1145 3073 1338 3170 religionis
1357 3081 1603 3171 propugnato.
1725 3153 1726 3170 χ

474 3226 553 3278 rem
573 3225 719 3300 semper
738 3209 797 3274 est
814 3201 1019 3296 professus,
1040 3201 1102 3297 qui
1122 3200 1315 3276 victoriam
1334 3199 1462 3297 populi
1481 3197 1601 3274 Chris·

476 3327 567 3401 tiani
595 3327 641 3400 de
670 3326 875 3400 teterrimis
914 3325 1084 3416 inimicis,
1114 3333 1150 3400 et
1180 3326 1338 3422 gloriam
1366 3325 1509 3418 erucis,
1546 3325 1602 3400 vel
1725 3363 1726 3372 1

474 3452 625 3551 proprio
645 3452 828 3547 sanguine
855 3452 1038 3527 redimere
1066 3461 1220 3551 paratus
1240 3460 1353 3540 esset,
1382 3451 1482 3526 hunc
1511 3451 1599 3526 adeo

475 3581 533 3657 sui
560 3577 777 3654 dissimilem
806 3585 960 3676 repente
989 3579 1170 3670 effectum,
1201 3586 1241 3653 ut
1265 3577 1364 3653 sacri
1389 3577 1492 3651 illius
1511 3577 1597 3652 belli
1725 3575 1726 3656 ᾖ

405 3695 409 3700 ’
474 3729 589 3806 spem,
617 3711 655 3780 et
670 3702 802 3780 felices
832 3704 1119 3802 progressiones
1147 3711 1184 3779 et
1214 3693 1386 3801 qu'antum
1415 3704 1454 3777 in
1483 3726 1528 3778 eo
1547 3709 1600 3776 est
1725 3721 1726 3780 l

474 3836 720 3932 abrumperet,
741 3841 778 3908 et
796 3840 836 3908 ut
846 3829 1060 3907 Christiano
1080 3839 1116 3907 et
1138 3829 1331 3906 Catholico
1357 3828 1525 3930 Principi
1542 3830 1599 3905 de·

474 3961 684 4037 trimentum
706 3957 868 4050 inferret,
897 3980 971 4033 non
999 3979 1173 4034 recusare
1197 3958 1328 4033 foedus
1358 3967 1395 4032 et
1422 3957 1600 4031 amicitias

471 4087 566 4162 inire
581 4087 692 4160 etiam
710 4107 792 4159 cum
810 4085 974 4160 etieratis
986 4082 1392 4160 Barbaraimmanitate
1412 4085 1594 4181 gentibue,

473 4208 625 4307 suisque
642 4208 806 4308 propriis
826 4217 863 4284 et
891 4209 998 4305 regni
1016 4207 1195 4286 Poloniae
1213 4210 1404 4308 perpetuis
1422 4209 1591 4285 hostibus
1725 4273 1726 4302 p

473 4333 675 4410 Tamaris?
695 4333 799 4426 Quas
820 4336 867 4410 ob
889 4356 1025 4410 causas
1044 4343 1148 4410 tanta
1162 4335 1301 4434 doloris
1312 4336 1521 4410 acerbitate
1540 4356 1599 4409 eor

472 4469 638 4536 nostrum
657 4461 912 4553 discrucietur,
940 4470 980 4537 ut
1006 4463 1130 4538 facere
1159 4483 1231 4537 non
1250 4460 1489 4560 potuerimus,
1518 4461 1598 4556 quin

473 4585 521 4661 ad
539 4593 576 4661 te
593 4585 721 4661 literas
741 4609 808 4682 per
827 4588 985 4662 celerem
1014 4587 1250 4663 tabellarium
1277 4588 1349 4662 hac
1382 4587 1470 4660 dere
1500 4586 1598 4661 dare·

472 4733 564 4805 mus,
591 4718 632 4786 ut
662 4711 736 4786 vim
754 4713 935 4789 moeroris
963 4715 1081 4789 nostri
1109 4713 1315 4812 inspiceres
1343 4719 1447 4788 tanto
1479 4711 1591 4798 citius,
