3625 5534
509 457 558 508 ne
576 457 657 509 nnn.
676 458 759 511 vro.
779 458 862 510 nnc.
883 461 919 512 x.
939 461 972 511 n.
1001 461 1049 510 1v.
1293 435 1344 514 69

215 632 430 728 conglobati
462 633 647 730 persecuti
665 634 835 708 fuissent.
857 633 992 708 Petrus
1022 634 1190 708 evasisse
1209 635 1281 709 iam
1301 659 1343 710 se

215 765 332 848 ratus,
350 758 618 855 aliquantulum
637 761 676 833 in
695 761 778 834 sinu
806 760 1006 855 gaudebat,
1036 781 1116 833 oum
1146 782 1231 834 ecce
1251 760 1342 834 Bar-

216 885 298 960 bari
316 885 633 982 supervenientes,
662 886 823 961 cadaver
850 887 945 961 socii
974 887 1095 960 solitis
1124 887 1341 962 ceremoniis

219 1011 404 1085 sublatum
423 1011 557 1085 efferre
575 1019 718 1109 parant.
739 1009 883 1102 Quibus
913 1011 996 1086 dum
1026 1011 1097 1086 huc
1115 1010 1205 1084 illuc
1224 1012 1338 1086 cursi-

216 1143 341 1211 tantes
369 1145 649 1234 occuparentur,
669 1138 706 1210 in
727 1135 878 1212 Petrum
898 1140 1010 1212 etiam
1028 1137 1231 1233 improviso
1249 1137 1337 1211 inci·
1464 1177 1467 1184 ·

215 1261 313 1350 dunt,
350 1283 509 1357 eumque
538 1284 585 1334 ex
604 1262 756 1337 vulnere
776 1262 1026 1338 semianimem
1057 1261 1261 1354 sublatum,
1297 1261 1337 1335 in

213 1385 425 1461 servitutem
444 1385 628 1482 redigunt.

672 1597 750 1605 ---
754 1597 871 1606 ——n-—n—

539 1775 718 1853 OAPVT
748 1777 1004 1854 TERTIVM.

212 1957 267 2029 De
288 1954 476 2030 tabellario
500 1956 788 2055 Dactylvanico
809 1956 861 2029 ad
880 1953 1187 2044 Sicannmmisso,
1208 1968 1332 2029 ctccu·

475 2080 569 2156 siti-ts
590 2081 897 2155 Temesvariemo
916 2083 1064 2156 Barcae.

314 2280 361 2353 In
395 2281 467 2355 hoc
502 2302 625 2355 rernm
662 2302 837 2354 successu
874 2280 948 2353 iam
985 2276 1125 2354 maiore
1155 2277 1330 2353 Sinanum

213 2405 332 2480 animo
368 2406 582 2501 agitantem,
620 2405 838 2479 tabellarius
866 2403 1052 2500 Principis
1087 2427 1167 2478 cum
1200 2403 1330 2496 literis,

211 2553 301 2626 quas
340 2531 386 2605 de
412 2553 481 2606 sua
506 2531 545 2604 in
571 2530 710 2605 bellum
737 2530 968 2626 profectione
997 2529 1145 2604 adeam
1165 2528 1328 2619 dederat,

208 2655 385 2749 convenit,
405 2655 463 2731 oui
481 2654 546 2730 illc
565 2656 770 2747 confestim,
789 2662 830 2730 ut
848 2654 970 2729 omnia
997 2655 1174 2731 lustraret
1203 2653 1330 2742 oculis,

209 2785 244 2852 et
262 2803 357 2876 quae
375 2779 541 2877 Principi
560 2781 756 2855 referenda
767 2788 903 2871 essent,
914 2779 1102 2854 utadeius
1113 2780 1329 2877 exemplum,

207 2903 285 2999 ipsc
313 2927 460 3001 quoquc
487 2904 634 2979 fidelem
662 2904 883 3002 Imperatori
913 2904 1094 2979 adversus
1120 2925 1329 2979 communes
1416 2907 1419 2913 '

208 3026 332 3103 bootes
352 3051 505 3127 operam
523 3037 691 3120 navaret,
720 3052 767 3104 ea
793 3035 914 3103 mente
939 3029 1161 3127 conciperet,
1181 3028 1328 3102 deman·

208 3152 314 3228 invit.
354 3153 463 3246 Quod
491 3162 612 3232 autem
643 3154 689 3231 de
717 3155 980 3253 promovendis
1006 3154 1046 3228 in
1064 3155 1192 3228 hostes
1212 3151 1326 3226 armis

206 3279 476 3379 mamylvanis
501 3281 700 3356 iniunctum
726 3281 861 3371 fuerat,
899 3279 997 3354 idem
1026 3279 1150 3354 Bassa
1178 3299 1324 3375 quoque

206 3404 524 3481 Temesvariensis
542 3405 581 3479 in
598 3405 784 3480 mandatis
801 3405 977 3491 habebat,
998 3403 1065 3479 sed
1083 3403 1147 3492 ita,
1166 3410 1207 3478 ut
1227 3425 1322 3478 com·
1418 3447 1425 3458 ·

205 3529 393 3605 muricatis
412 3552 493 3605 cnm
510 3529 641 3604 iisdem
669 3527 860 3620 consiliis,
896 3529 1220 3626 communibusque
1239 3527 1326 3601 viri·

204 3654 269 3728 bus
286 3678 365 3729 rem
384 3654 556 3730 bellicam
576 3655 862 3729 administraret
873 3653 949 3730 Sed
967 3653 1032 3729 ille
1051 3678 1132 3730 cum
1158 3653 1326 3761 celerius,

205 3779 296 3853 utin
314 3801 431 3854 causa
450 3778 562 3875 longe
590 3804 613 3855 a
640 3779 988 3875 Transylvanorum
1015 3778 1185 3867 diversa,
1222 3778 1326 3852 iussa

204 3910 451 4002 exequeretur,
489 3911 727 4000 bansgresso
758 3895 920 4001 Chrysio
949 3927 1066 3984 amne.
1108 3902 1323 3998 Thurioque

205 4027 354 4123 oppido,
379 4026 417 4100 in
434 4026 500 4102 illo
517 4025 711 4123 Vngariae
729 4033 851 4102 tractu
869 4028 1016 4118 celebri,
1028 4035 1168 4122 atcrgo
1180 4027 1323 4106 relicto.

207 4150 252 4224 sd
270 4151 391 4227 cacati
407 4150 548 4229 fluenta
565 4153 639 4227 iam
658 4152 890 4258 consederat,
909 4152 992 4227 loco
1012 4154 1059 4227 ab
1078 4152 1322 4229 hostiumfini-

206 4275 272 4352 bus
288 4301 361 4354 non
379 4280 492 4376 longe
511 4279 654 4372 dissito,
672 4278 829 4376 ideoque
848 4302 973 4355 eorum
991 4279 1135 4355 iniuriis
1145 4301 1325 4377 perquam

207 4411 415 4499 opportuno.
435 4405 494 4479 Ibi
512 4404 860 4503 Transylvancrum
879 4404 1075 4480 adventum
1102 4405 1242 4480 frustra
1260 4405 1324 4480 ali·

207 4535 338 4620 quanto
370 4527 632 4624 praestolatum
647 4551 728 4602 cum
738 4527 880 4604 tardius
896 4529 1121 4605 adventuros
1132 4551 1322 4604 eossecum

208 4651 395 4747 cogitaret,
413 4658 451 4727 et
467 4655 653 4751 praeclari
681 4651 837 4729 alicuius
863 4653 1040 4730 facinoris
1057 4656 1193 4729 tamam
1213 4676 1320 4728 aucu-
