3625 5534
641 478 681 544 ds
698 478 838 546 nuunlr.
1214 477 1302 544 LVII

203 683 390 756 gnumesse
410 662 657 739 indicaverim.
679 665 731 738 Vt
742 664 837 739 eninr
848 666 885 740 iu
896 667 1032 763 templo
1043 665 1114 739 Dei
1124 665 1303 740 offerebat

203 789 273 863 olim
290 788 538 886 unusquisque
557 789 653 886 quod
673 797 831 888 poterat,
860 815 996 884 aurum,
1025 815 1198 886 gemmas,
1217 792 1302 890 bys·

203 939 277 1005 sum,
304 937 514 1014 purpuram,
542 914 798 1014 hyacinthum:
816 917 871 993 ita
898 940 994 992 nunc
1020 916 1113 991 nihil
1138 917 1302 1016 impedit,

202 1042 376 1141 quominus
396 1041 460 1116 alii
479 1043 638 1140 patriam
657 1043 779 1135 armis,
808 1043 871 1120 alii
891 1044 1066 1138 consiliis,
1087 1044 1151 1119 alii
1169 1045 1302 1120 labori·

202 1172 269 1260 bus,
286 1169 350 1245 alii
370 1166 529 1266 scriptis,
559 1167 623 1242 alii
652 1169 808 1267 denique
827 1169 911 1245 aliis
940 1169 1142 1247 officiorum
1161 1171 1302 1267 generi·
1353 1155 1359 1167 ’

203 1297 265 1371 bus
281 1295 407 1371 iuvent
424 1319 470 1370 ac
487 1301 630 1370 ornent.
659 1296 764 1372 Haec
786 1320 857 1393 ego
877 1299 1044 1395 quamvis
1063 1298 1213 1396 saepius
1231 1321 1303 1374 me·

203 1447 272 1498 cun
289 1425 324 1497 in
345 1420 547 1499 Germania
565 1425 846 1518 considerarem,
866 1434 903 1501 et
926 1426 1062 1524 aliquid
1087 1427 1231 1524 patriae
1249 1449 1305 1501 re·

204 1549 299 1624 medii
316 1548 352 1622 in
373 1548 443 1625 boc
469 1571 606 1644 genere
634 1549 812 1626 adhibere
840 1574 1030 1650 cuperem:
1050 1574 1233 1649 nunquam
1251 1560 1305 1628 ta·

203 1702 274 1754 men
291 1701 334 1754 eo
354 1674 531 1750 audaciae
561 1676 736 1773 progredi
766 1677 918 1754 fuissem
946 1698 1071 1769 ausus,
1099 1677 1136 1752 ni
1160 1677 1304 1752 alienae

204 1804 408 1902 disciplinae
427 1825 517 1877 cura
535 1801 573 1875 in
592 1803 686 1878 baec
712 1803 803 1879 iuris
832 1805 999 1880 sacraria
1016 1804 1138 1904 magis
1157 1811 1306 1902 practer

203 1955 295 2029 spem
313 1929 458 2004 delatus
485 1927 646 2020 fuissem,
676 1951 782 2026 quam
812 1954 895 2005 moa
914 1939 1044 2030 sponte
1063 1929 1304 2006 devenissem.

202 2057 304 2132 Eram
331 2054 565 2153 praepositus
593 2054 722 2130 alienis
751 2056 893 2149 studiis,
923 2058 1054 2154 quibus
1072 2067 1112 2133 ut
1141 2058 1306 2134 consule·

203 2205 281 2274 rem,
299 2179 417 2276 magis
435 2179 555 2268 etiarn,
576 2203 684 2276 quam
702 2181 804 2274 meis,
824 2205 960 2280 operae
978 2182 1132 2279 pretium
1151 2191 1241 2258 erat.
1262 2183 1307 2259 Id

204 2307 292 2406 quod
309 2313 412 2382 tanta
430 2305 512 2398 fide,
530 2305 713 2381 industria
731 2330 778 2382 uc
795 2309 1012 2384 assiduitate
1031 2310 1113 2401 feci,
1134 2318 1306 2407 quantam

203 2437 297 2511 Deus
316 2433 402 2532 Opt.
422 2433 521 2509 Max.
552 2456 596 2506 ac
615 2433 699 2508 boni
720 2433 888 2533 doctique
915 2436 994 2526 viri,
1024 2436 1236 2533 quibuscum
1256 2435 1308 2509 vi-

204 2563 319 2653 ximus,
339 2560 468 2636 testari
496 2568 663 2659 possunt.
694 2561 854 2637 Proinde
882 2586 962 2637 cum
994 2562 1085 2649 eius,
1114 2563 1175 2660 qui
1203 2585 1307 2639 meae

203 2687 278 2762 fidei
314 2687 530 2764 commissus
558 2695 647 2778 erat,
686 2688 865 2784 profectui
900 2687 1118 2764 satisfacere
1154 2712 1309 2786 eumque

204 2813 350 2914 politicis
380 2813 484 2888 hisce
512 2811 644 2888 studiis
672 2813 783 2889 imbui
812 2815 968 2890 maxime
996 2838 1184 2914 cuperem:
1203 2817 1310 2914 coepi

205 2941 368 3038 quosdam
388 2939 612 3015 excellentes
642 2937 865 3017 Germaniae
893 2965 938 3016 ac
965 2939 1115 3018 Galliae
1140 2945 1310 3019 iurecon-

205 3068 310 3145 sultos
328 3067 501 3143 obnixius
519 3082 663 3162 rogare,
691 3074 731 3142 ut
750 3091 821 3142 non
845 3075 1049 3164 graventur
1068 3069 1124 3145 ius
1144 3076 1308 3145 nostrum

206 3193 422 3290 l'ngaricum
442 3191 618 3267 institutis
638 3192 890 3291 imperialibus
915 3194 1145 3292 coniungere.
1165 3192 1310 3290 Cogno-

97 3321 98 3368 ?
205 3345 315 3398 veram
335 3320 431 3396 enim
461 3321 567 3414 leges
595 3327 743 3394 nostras
762 3345 834 3396 nou
861 3321 978 3396 solum
1007 3322 1134 3398 ordine
1158 3324 1310 3400 confuso

97 3505 98 3510 a
206 3446 371 3524 collectas
408 3470 454 3520 ao
490 3448 587 3545 stylo
627 3446 812 3544 squallido
843 3447 1073 3546 conscriptas
1110 3470 1205 3539 csse,
1242 3448 1310 3522 sed

206 3575 303 3649 etiam
320 3570 489 3672 plurimis
508 3573 637 3646 naevis
656 3579 767 3670 atque
778 3573 981 3650 defectibus
999 3582 1152 3651 scatere.
1172 3575 1310 3650 Verum

207 3697 266 3776 boc
282 3723 353 3798 ego
382 3700 432 3773 ab
451 3699 496 3773 iis
516 3699 716 3797 impetrare
742 3722 814 3774 uon
843 3702 956 3799 potui,
984 3702 1044 3775 vel
1069 3701 1166 3799 quod
1183 3724 1312 3776 verna-

207 3826 281 3902 cula
299 3827 454 3926 quadam
475 3825 701 3901 characteris
729 3827 953 3902 obscuritate
981 3828 1030 3903 ab
1049 3828 1120 3903 boc
1147 3817 1311 3902 instituto

208 3953 477 4044 deterrerentur,
517 3953 577 4027 vel
608 3952 703 4049 quod
742 3953 939 4030 maioribus
977 3952 1144 4052 occupati
1180 3951 1311 4027 studiis

179 4055 337 4156 'nolent
373 4078 572 4155 minoribus
609 4079 727 4176 iisque
760 4079 892 4154 alienis
926 4079 1006 4154 sine
1034 4079 1193 4156 maxima
1219 4100 1312 4154 mer·

211 4207 292 4282 cede
336 4229 488 4306 operam
534 4229 637 4281 suam
684 4227 831 4282 navare.
878 4205 1003 4298 Quare
1037 4205 1142 4304 coepi
1169 4214 1314 4303 egomet

207 4334 301 4411 uulla
319 4342 418 4412 certe
437 4333 644 4417 ambitione,
675 4332 741 4408 sed
769 4333 850 4408 sola
868 4334 1013 4439 alienae
1038 4332 1119 4430 opis
1139 4332 1312 4430 despera-

208 4461 299 4536 tione
317 4459 395 4534 ida
423 4481 479 4534 me
507 4458 621 4535 invito
650 4464 880 4555 extorquere,
914 4460 1010 4556 quod
1038 4482 1062 4534 a
1090 4457 1313 4534 doctissimis

211 4585 459 4662 iureconsultis
478 4585 676 4684 impetrare
703 4609 777 4660 uon
793 4591 995 4682 potueram.
1034 4581 1111 4661 Sed
1138 4607 1218 4661 cum
1245 4607 1315 4662 nec

211 4713 379 4808 doctrina,
400 4735 469 4790 nec
485 4714 581 4790 bono
601 4713 673 4790 otio
691 4711 1000 4820 itaabnndarem,
1021 4719 1061 4787 ut
1079 4711 1159 4788 siue
1178 4711 1314 4789 cortice
