3625 5534
458 524 536 599 210
865 544 914 594 10.
935 541 1038 594 naeu
1058 543 1208 594 aaaovu

456 721 682 816 inposterum
713 686 859 817 quoqne
888 725 964 793 tam
983 717 1067 815 ipsi,
1093 739 1202 814 quam
1221 717 1385 815 ipsorum
1405 717 1585 792 haeredes

455 845 685 944 possideant.
717 842 822 936 Quae
843 850 965 918 autem
983 841 1306 940 impignorationis
1325 841 1436 918 titulo
1450 842 1585 917 habuc

454 978 540 1045 runt
567 994 613 1047 ea
641 993 758 1068 usque
788 970 836 1045 ad
855 978 1011 1067 tempus,
1041 969 1225 1044 duntaxat
1242 966 1507 1065 redemptionis
1527 965 1586 1039 lua-

454 1096 578 1170 beant.
610 1092 746 1171 Cetera
766 1091 909 1185 autem,
935 1116 1030 1190 quac
1058 1116 1128 1191 per
1156 1093 1230 1166 vim
1249 1101 1506 1190 occupassent,
1525 1101 1586 1168 aut

456 1221 588 1318 quovis
609 1222 681 1296 alio
711 1222 835 1296 colore
863 1219 936 1294 sibi
965 1218 1242 1309 vendicassent,
1263 1219 1512 1295 communitati
1528 1202 1582 1294 re·

456 1347 612 1424 stituere
631 1357 837 1424 teneantur.
871 1344 1135 1423 Communibus
1164 1353 1287 1420 tamen
1314 1346 1423 1423 bonis
1442 1349 1585 1444 utrique

456 1497 574 1571 aequo
616 1477 695 1552 iure
731 1476 784 1552 uti
823 1482 972 1571 queant.
1012 1474 1055 1548 ln
1077 1472 1192 1558 bouis
1220 1479 1342 1548 autem
1367 1467 1422 1571 (ut
1440 1467 1586 1570 vocant)

348 1639 350 1644 v
455 1603 601 1702 ustione
622 1600 803 1697 aquisitis,
823 1601 860 1674 iu
881 1598 1033 1673 decimis
1058 1597 1146 1672 item
1157 1621 1357 1695 earumque
1366 1599 1588 1697 pecuniariis

457 1725 772 1825 redemptionibus
804 1720 915 1822 (quae
943 1723 1045 1823 apud
1076 1745 1141 1798 cos
1179 1724 1368 1822 capetriae
1396 1729 1587 1830 vocantur)

457 1853 599 1949 patrius
626 1852 790 1951 ipsorum
818 1874 897 1925 mos
929 1858 966 1925 et
995 1871 1180 1947 praesens
1207 1847 1433 1925 consuetudo
1462 1850 1587 1926 obscr-

457 1986 575 2055 vetur.
606 1981 764 2077 Insuper
782 1985 822 2052 ut
850 1979 991 2075 templa
1018 1983 1055 2051 et
1073 1978 1299 2052 monasteria
1327 1977 1365 2051 iu
1393 1976 1587 2075 pristinum

458 2113 594 2181 statum
624 2104 849 2201 redigantur,
883 2127 928 2178 ac
955 2103 1135 2201 imprimis
1163 2104 1283 2178 cultus
1311 2104 1446 2200 ubique
1475 2102 1588 2178 divim

458 2231 687 2327 diligentem
703 2222 881 2304 rationem
901 2227 1074 2303 habeant.
1095 2228 1315 2304 Pastoribus
1335 2229 1587 2305 Ecclesiarum

459 2357 589 2433 solitos
605 2351 811 2455 'proventus
832 2354 942 2429 statis
960 2353 1189 2451 temporibus
1208 2361 1416 2430 teneantur.
1437 2352 1500 2429 Ad
1519 2353 1588 2430 hoc

458 2480 595 2579 oppida
624 2481 815 2578 quaelibet
838 2479 876 2553 iu
905 2479 1158 2556 iurisdictione
1178 2478 1384 2557 Siculorum
1413 2480 1488 2555 sita
1515 2481 1593 2556 suis

457 2605 665 2702 privilegiis
684 2606 748 2698 uti,
767 2606 839 2681 frui
861 2605 1140 2704 permittantur.
1178 2606 1383 2682 Praeterea
1400 2613 1445 2681 ut
1463 2629 1592 2682 omnes

319 2789 326 2800 .
457 2727 572 2805 Siculi
589 2731 662 2806 hoc
680 2730 879 2829 privilegio
901 2732 1118 2808 libertatem
1137 2733 1304 2807 assecuti
1322 2741 1518 2809 teneantur
1538 2734 1592 2807 vi·

454 2855 553 2930 ritim
572 2879 684 2948 arma,
713 2878 795 2929 cum
829 2856 1042 2930 necessitas
1073 2856 1329 2955 postulaverit,
1362 2881 1516 2956 capere;
1557 2867 1593 2933 et

456 2981 601 3082 pedites
640 2982 785 3080 quidem
815 2982 867 3056 scl
881 2989 1012 3081 opeta,
1061 2992 1258 3081 ceteraque
1296 2984 1431 3059 bellica
1457 2984 1593 3059 instru-
1735 3032 1736 3037 =

457 3115 581 3184 menta
600 3132 667 3185 suo
686 3107 806 3185 ordini
830 3109 1094 3207 competentia,
1125 3111 1268 3207 equites
1296 3132 1385 3184 uero
1418 3110 1593 3186 robustos

458 3255 585 3330 equos,
605 3235 778 3328 frameas,
798 3234 948 3328 loricas,
967 3235 1109 3331 hastas,
1138 3237 1321 3328 thoraces,
1351 3236 1497 3332 galeas,
1516 3239 1593 3335 cly—

457 3379 549 3456 peos
567 3359 719 3448 habere,
742 3369 779 3434 et
796 3359 948 3434 fidelem
968 3361 1112 3458 patriae
1131 3383 1284 3459 operam
1303 3384 1591 3459 navarecogau·

456 3491 525 3558 tur.
549 3481 646 3575 Quin
665 3485 775 3559 etiam
786 3482 1029 3584 (lapitanenm
1041 3487 1141 3562 arcis
1163 3486 1504 3586 Udvarhclyieusis
1523 3511 1592 3586 pro

459 3605 659 3706 Superiora
688 3631 765 3700 suo,
796 3633 839 3684 ac
877 3610 997 3686 indice
1026 3612 1131 3708 regio
1160 3621 1388 3707 agnoscant,
1424 3613 1592 3710 reliquos
1735 3608 1736 3613 ’

459 3741 581 3808 autem
597 3734 818 3832 praefectos,
839 3758 931 3832 quos
950 3736 1040 3811 belli
1061 3737 1227 3813 rationes
1255 3762 1330 3812 uon
1357 3748 1593 3821 concernunt,

459 3862 660 3941 secundum
678 3861 853 3936 usitatum
880 3885 1028 3955 morem,
1068 3875 1105 3938 et
1134 3865 1324 3961 antiquam
1351 3867 1594 3960 genealogia·

458 4015 538 4066 rum
559 4011 707 4063 suarum
727 3989 860 4063 seriem
879 3997 1052 4086 poterunt
1070 4014 1138 4089 pro
1159 4013 1226 4066 suo
1246 3991 1401 4067 arbitrio
1434 3992 1591 4088 eligere.

417 4171 445 4220 0
460 4116 536 4192 Sed
555 4121 678 4188 tamen
699 4113 885 4187 debebunt
915 4112 1112 4210 quotannis
1131 4140 1198 4214 per
1209 4109 1457 4216 sospitamus,
1479 4125 1517 4191 et
1535 4140 1595 4191 cc·

457 4250 561 4318 toros
580 4238 766 4337 Principis
787 4237 1086 4327 Commissarios,
1113 4264 1215 4318 more
1234 4242 1344 4318 solito
1359 4242 1517 4317 lustrari
1537 4251 1593 4317 at·

459 4390 529 4464 que
565 4363 729 4456 censeri,
768 4361 1087 4465 Centurionesque
1124 4367 1218 4466 ipsis
1256 4368 1348 4443 certi
1386 4368 1594 4464 assignari.

458 4493 559 4568 Salis
579 4501 616 4567 et
642 4492 734 4568 ferri
761 4493 908 4568 fodinae
935 4517 1002 4592 per
1021 4492 1248 4593 Capitaneos
1268 4493 1452 4592 Principis
1484 4515 1594 4570 cura-

380 4599 387 4608 ’
457 4618 602 4710 buntur,
632 4618 699 4692 sed
727 4626 849 4693 tamen
878 4618 1039 4716 publicis
1067 4619 1148 4693 fisci
1178 4618 1384 4718 sumptibus
1414 4620 1592 4694 excolen-

457 4754 527 4838 tur,
547 4741 714 4839 exceptis
731 4742 998 4838 quinquaginta
1027 4741 1193 4817 salicidis
1222 4750 1258 4817 et
1277 4741 1470 4837 magistris
1497 4743 1595 4819 ferri
