3625 5534
433 459 481 508 nn
500 457 582 538 aaa.
603 457 689 508 vno.
709 457 791 508 nnc.
811 457 1145 510 x.-rusnmr10.
1325 433 1349 508 7

223 633 445 724 madversa,
482 640 666 708 tantorum
693 632 731 706 in
760 655 802 707 se
831 655 1025 731 procerum
1062 633 1351 710 coniurationem

222 779 447 857 repressum,
466 759 539 834 tria
557 757 707 834 maximi
726 760 898 835 momenti
907 759 1043 855 Regna
1062 760 1260 836 aTurcico
1282 762 1350 834 Im-

223 883 329 982 perio
349 887 501 981 avulsa,
522 882 809 985 Christianoque
827 887 972 963 foederi
991 887 1181 978 adiuncta,
1208 894 1351 962 tantam

223 1007 470 1088 Tartarorum
490 1011 766 1106 multitudinem,
788 1013 1068 1112 Turcarumque
1087 1012 1251 1112 copiam,
1269 1011 1353 1088 ieli-

224 1139 331 1216 cihus
360 1139 466 1215 Tuae
486 1136 707 1214 Serenitatis
733 1138 854 1215 fusam
886 1137 1127 1237 fugatamque
1155 1137 1352 1237 auspiciis!

223 1289 269 1342 sc
294 1273 338 1341 ut
360 1265 508 1364 reliqua
529 1265 666 1342 tumide
687 1289 734 1341 ne
763 1287 1046 1358 recenseamus,
1075 1287 1170 1363 quac
1198 1287 1353 1365 sperare

223 1392 321 1484 licet,
340 1399 400 1469 tot
416 1400 613 1492 tantasque
632 1414 696 1470 res
716 1393 859 1471 duobus
880 1394 1013 1469 saltem
1032 1391 1156 1485 hisce,
1185 1393 1353 1468 tribusve

224 1519 354 1614 aunis,
382 1528 458 1596 tam
476 1519 697 1618 prudenter,
725 1521 950 1617 excelsoque
969 1518 1110 1618 auimo,
1138 1518 1176 1592 in
1199 1517 1272 1593 hac
1288 1518 1353 1592 flo-

224 1646 322 1722 reuti
348 1653 474 1722 aetate
502 1644 652 1743 gestas!
687 1647 952 1743 obstupescent
980 1650 1080 1719 certe
1107 1643 1354 1720 haecomnia

115 1791 121 1810 ·
224 1771 386 1872 posteri,
416 1779 454 1848 et
472 1774 650 1870 majorem
668 1772 705 1847 in
734 1772 881 1848 modum
906 1771 1147 1847 mirabuntur.
1174 1771 1292 1864 Nam,
1320 1771 1355 1846 si

224 1921 374 1994 verum,
403 1900 497 1976 citra
515 1921 658 1975 omnem
676 1898 903 1975 adulationis
932 1896 1201 1996 suspicionem,
1230 1899 1353 1973 dicere

225 2024 365 2101 liceat:
399 2022 497 2122 quod
525 2022 821 2124 Transylvania,
852 2022 1060 2115 Moldavia‚
1090 2022 1355 2121 Transalpina,

225 2153 297 2230 hoc
324 2159 402 2245 est,
428 2172 502 2226 uno
528 2150 645 2226 verbo
666 2176 674 2222 ε
694 2157 774 2225 tota
801 2148 925 2225 Dacia
953 2173 977 2223 a
1003 2147 1163 2225 Turcioo
1191 2148 1353 2247 Imperio

227 2277 438 2370 desciverit,
460 2273 648 2374 &eroque
667 2275 835 2353 Romano
849 2275 1013 2375 Imperio
1028 2275 1267 2372 incorporata
1285 2274 1354 2371 sit;
1384 2287 1387 2292 ’

228 2403 325 2504 quod
343 2401 496 2496 Poloni,
525 2424 571 2476 ac
588 2400 724 2476 Veneti
742 2400 838 2476 idem
863 2409 996 2480 contm
1013 2402 1205 2479 Barbaros
1235 2402 1355 2477 consi-

228 2531 316 2606 lium
334 2530 478 2627 agitent
496 2555 505 2602 ε
526 2526 624 2626 quod
641 2524 824 2627 Princeps
845 2530 1006 2628 Imperii,
1028 2553 1074 2606 ac
1091 2531 1207 2607 ceteri
1225 2530 1354 2629 Reges

229 2655 434 2734 Christiani
462 2678 607 2732 sacrum
637 2661 766 2734 conus
785 2655 977 2732 Barbaros
1002 2658 1134 2735 foedus
1160 2659 1354 2735 iniverint:

230 2784 327 2884 quod
344 2780 581 2861 Christianus
601 2782 723 2872 orbis,
752 2791 859 2882 capto
878 2783 1048 2879 taurino,
1077 2787 1172 2862 bene
1201 2804 1356 2886 sperare

228 2909 390 2988 audeat:
413 2910 512 3009 quod
529 2934 576 2986 ex
605 2918 708 2987 tantu
737 2910 981 2987 Teutonorum
1009 2913 1238 2990 multitudine
1266 2937 1355 3012 pau·

230 3037 368 3114 cissimi
387 3035 577 3112 evaserint
596 3063 605 3108 ε
625 3034 724 3133 quod
742 3043 806 3128 tot,
826 3057 898 3112 uuo
914 3037 1095 3115 duntaxat
1112 3062 1230 3134 anuo,
1259 3037 1355 3116 Tur·

230 3186 354 3240 carum
372 3161 491 3238 millia
508 3183 621 3238 caesa
639 3159 713 3237 sint
731 3162 769 3237 in
789 3162 1064 3262 Transalpina,
1084 3174 1122 3242 et
1140 3165 1355 3243 Moldavia:

230 3290 327 3390 quod
359 3297 488 3366 tantus
525 3283 766 3388 captivorum
786 3287 1085 3369 Christianorum
1114 3289 1357 3388 numerus,'e

231 3417 312 3493 dira
339 3416 520 3493 servitute
548 3417 586 3491 in
614 3415 811 3514 pristinam
840 3416 1053 3496 libertatern
1082 3428 1252 3496 assertus
1280 3420 1356 3497 sit:

230 3543 323 3620 haec
341 3550 443 3619 certe
462 3541 793 3620 omniasecuudum
802 3541 935 3638 Deum,
954 3547 1016 3621 uni
1034 3547 1141 3623 Tuae
1157 3545 1358 3624 Serenitati

232 3677 385 3770 accepte
402 3667 557 3746 terenda
589 3667 692 3764 sunt',
722 3669 825 3746 cuius
854 3674 1027 3773 exemplo
1056 3681 1154 3750 totus
1174 3671 1357 3750 Christis·
1476 3727 1483 3742 .

232 3817 299 3872 uus
318 3795 441 3889 orbis,
471 3801 508 3870 et
527 3795 764 3872 confirmatus
783 3795 821 3871 iu
841 3817 950 3873 sacro
968 3795 1140 3890 foedere,
1159 3805 1198 3873 et
1215 3796 1357 3874 excitus

232 3921 278 3996 ad
295 3921 434 3998 bellum
452 3921 635 3998 Barbaria
657 3920 888 3999 inferendum
907 3924 1054 3999 omnino
1073 3922 1230 3999 videtur.
1266 3922 1357 3998 Pro-

233 4047 315 4123 inde
334 4047 378 4140 si,
399 4047 497 4148 quod
517 4048 639 4146 optari
657 4048 780 4142 debet,
799 4070 956 4147 sperare
974 4049 1035 4126 tas
1054 4057 1122 4141 est,
1136 4047 1358 4148 auspicatus

233 4201 338 4255 sacro
357 4177 445 4254 huic
461 4177 562 4253 hello
580 4175 666 4251 finis
685 4175 884 4273 contigerit
905 4205 914 4250 ε
941 4176 1079 4251 nullum
1099 4197 1190 4251 sanc
1209 4172 1359 4250 dubium

235 4313 310 4404 est,
330 4305 418 4406 quin
436 4304 532 4381 inter
551 4325 678 4380 omnes
703 4302 867 4402 reliquos
886 4301 1114 4378 christianae
1131 4301 1275 4400 reipub.
1295 4297 1358 4374 du-

236 4459 306 4530 ces,
325 4435 363 4510 in
374 4431 643 4526 Clarissimum,
655 4437 693 4506 et
710 4425 1121 4528 longeCeleherrimum
1135 4426 1357 4525 Principem,

236 4563 330 4664 quod
349 4569 388 4638 et
404 4583 501 4638 nuno
517 4560 654 4635 iactum
676 4555 857 4649 videmus,
877 4553 1070 4632 Serenitas
1089 4553 1174 4629 Tua
1198 4573 1361 4630 evasura

234 4691 290 4772 sit.
318 4685 384 4768 Sin
403 4695 526 4772 autem
544 4707 663 4778 secus,
684 4707 794 4788 qnam
813 4689 995 4786 optamus,
1014 4689 1126 4784 atque
1146 4697 1356 4788 speramus,
