3625 5534
457 465 531 544 182
854 487 904 539 ιο.
924 485 1026 538 nucu
1043 485 1194 539 nsaovu

454 684 674 739 reversurus
692 662 862 760 captivos
880 659 1010 736 hostes
1038 611 1259 756 adduceret3
1287 661 1478 736 asservari
1504 661 1580 735 ins-

455 791 514 864 sit.
536 791 662 865 Tanta
678 788 784 864 initio
803 788 894 862 belli
912 788 1024 862 huius
1041 788 1234 863 Barbaros
1251 785 1582 881 insolentiaconfi·

456 916 655 1016 dentisque
674 917 741 1011 sui,
760 917 871 1014 plane
890 922 1044 1013 ceperat
1062 914 1213 992 stolida.

911 1175 1110 1189 ἡ

737 1347 946 1488 ὈΑΡΨΓ
983 1347 1267 1488 sululmvm.

485 1615 544 1688 De
562 1627 669 1710 capto
697 1609 888 1685 Varsocaio
907 1609 1064 1705 cartello,
1091 1624 1124 1684 et
1143 1609 1281 1706 direpto
1301 1635 1382 1682 eam
1400 1613 1557 1683 circom-

706 1736 905 1810 iacentibus
916 1737 1040 1833 papale,
1059 1734 1196 1833 oppido
1213 1731 1333 1832 deed.

566 1930 687 2031 Capto
705 1932 744 2006 in
761 1930 859 2007 hunc
889 1930 1036 2009 modum
1063 1929 1233 2006 Bokeria
1260 1931 1437 2006 castello:
1466 1928 1586 2007 Geor·
1730 1952 1731 2017 i

462 2063 545 2160 gius
583 2081 730 2135 cursum
765 2057 946 2132 victoriae
983 2055 1267 2133 continuandum
1293 2062 1421 2143 ratus,
1458 2056 1586 2131 missis
1730 2100 1731 2163 l

460 2209 540 2263 cum
567 2187 708 2260 Ioanne
737 2182 902 2279 Lugosio
932 2183 1100 2258 ducentis
1124 2181 1311 2279 equitibus
1340 2188 1377 2256 et
1406 2182 1586 2280 quinqua·
1730 2172 1731 2233 ἶ

461 2312 565 2408 ginta
582 2307 779 2407 peditibus,
799 2307 947 2405 praeire
976 2328 1041 2381 eos
1066 2314 1103 2381 et
1127 2305 1346 2403 interceptis
1373 2306 1586 2380 commeati·
1730 2324 1731 2405 ᾗ

459 2439 530 2511 bus
585 2435 890 2531 circumequitare
938 2430 1184 2508 Varsoczium
1229 2431 1423 2506 castellum
1465 2431 1587 2506 iussit
1730 2492 1731 2495 κ

462 2561 644 2636 Praeerat
653 2559 690 2633 id
701 2559 878 2657 temporis
897 2557 1104 2635 Varsoczio
1124 2558 1213 2632 Deli
1231 2557 1391 2633 Kurtius
1410 2557 1510 2653 Aga,
1529 2556 1587 2630 vir

462 2707 572 2760 manu
599 2693 789 2776 strenuus,
818 2683 931 2781 idque
959 2685 1105 2758 delecta
1134 2682 1207 2759 sibi
1235 2682 1589 2781 quadringentorum

462 2811 609 2886 circiter
645 2817 880 2885 evocatorum
908 2832 1018 2884 manu
1045 2808 1199 2905 egregie
1231 2808 1432 2901 munierat3
1462 2807 1527 2906 qui
1556 2807 1588 2882 si
1730 2874 1731 2881 Ν

462 2938 580 3035 primo
599 2936 723 3011 statim
752 2935 890 3033 impetu
918 2943 1178 3009 antecursores
1206 2933 1293 3008 illos
1321 2932 1476 3010 adortus
1503 2934 1592 3009 fuis·

465 3071 542 3150 set,
571 3084 654 3152 nae,
674 3061 758 3136 dum
779 3085 802 3136 a
821 3060 1133 3158 subsequentibus
1153 3059 1268 3134 adiuti
1286 3060 1419 3152 forent,
1436 3069 1592 3136 nostros

463 3210 590 3264 omnes
610 3187 658 3262 ad
677 3210 787 3262 unum
805 3186 991 3261 trucidare
1009 3185 1228 3283 potuissent.
1263 3183 1340 3260 Sed
1358 3185 1591 3260 adventanti-

465 3314 535 3388 bus
554 3311 731 3404 Vngaris,
762 3311 910 3385 Turcae
937 3309 1093 3408 primum
1120 3331 1187 3385 eos
1215 3316 1382 3385 armenta
1401 3331 1489 3385 esse
1513 3333 1592 3386 cre·

465 3438 563 3530 dere,
601 3457 687 3510 mox
715 3436 863 3532 cognito
892 3435 1053 3511 hostium
1082 3434 1242 3511 adventu
1270 3435 1418 3511 emissis
1449 3436 1594 3534 aliquot

463 3562 650 3662 peditibus
670 3583 736 3636 eos
754 3561 945 3659 impetere.
970 3561 1101 3638 Nostri
1119 3562 1219 3637 facto
1245 3561 1284 3635 in
1302 3561 1496 3635 Barbaros
1524 3561 1591 3635 im-

464 3695 552 3788 petu
571 3687 610 3762 in
629 3709 752 3762 arcem
771 3708 837 3761 eos
855 3687 1047 3784 fugavere,
1067 3687 1129 3785 qui
1148 3685 1349 3762 obstructis
1368 3684 1507 3779 statim,
1536 3689 1592 3763 uti

465 3817 505 3889 in
524 3812 703 3890 eiusmodi
722 3835 764 3888 re
783 3811 865 3888 fieri
895 3814 1096 3907 consuevit,
1124 3815 1255 3912 portis,
1281 3813 1330 3888 ad
1357 3813 1594 3888 tolerandam

466 3961 508 4014 se
528 3938 756 4016 obsidionem
776 3938 983 4014 accinxere.
1021 3939 1246 4014 Emanserat
1264 3935 1414 4034 quidam
1441 3937 1596 4035 praeci-

463 4085 561 4161 puae
580 4062 774 4161 dignitatis
794 4064 931 4156 Turca,
950 4064 999 4139 ad
1017 4086 1124 4160 quem
1132 4061 1429 4161 persequendum
1448 4062 1591 4138 missus

468 4189 595 4263 statim
614 4187 883 4266 estLadislaus
894 4189 1129 4287 Pattantyus,
1148 4211 1196 4264 ox
1216 4188 1319 4266 cuius
1337 4185 1439 4264 fideli
1456 4210 1594 4264 narra·

462 4312 562 4388 tione
581 4312 651 4388 hoc
678 4313 885 4410 scribimus,
905 4338 988 4393 eum
1014 4315 1142 4391 decem
1161 4314 1247 4390 aliis
1275 4313 1427 4389 selectis
1456 4312 1592 4410 equiti-

467 4439 545 4532 bus,
571 4438 633 4535 qui
651 4437 843 4516 Barbaros
870 4464 944 4517 non
972 4441 1144 4534 assecuti,
1172 4440 1510 4539 advesperascente
1529 4436 1592 4514 die

465 4563 503 4638 in
522 4571 647 4640 caena
664 4563 863 4642 redierunt.
890 4565 1109 4643 Advenerat
1134 4565 1281 4640 interim
1307 4565 1422 4640 robur
1449 4565 1594 4640 exerci-

465 4697 526 4762 tus
562 4696 791 4784 nostrorum,
834 4693 1084 4791 indagineque
1121 4697 1330 4767 castrorum
1366 4687 1592 4768 munitiones
