3625 5534
365 465 413 514 ns
432 465 515 516 ann.
534 463 617 516 vno.
637 463 719 514 nnc.
739 463 775 515 x.
797 483 848 494 -—
868 463 1102 515 nrannrlruo.n
1274 440 1299 516 9

200 641 318 715 nulium
335 639 633 735 Hungaricorum
652 639 862 737 parimodo
887 639 1132 736 digestorum,
1152 646 1301 734 gustum

198 763 313 840 noscis
342 763 551 840 hominibus
579 764 817 860 praeberem,
847 785 940 861 quos
968 761 1187 860 aliquando,
1216 764 1302 840 Deo

198 891 325 989 auspice
344 891 513 988 integros
527 892 777 989 promulgare,
797 891 830 966 si
848 889 1059 966 liberalitas
1079 887 1301 966 Serenitatis

198 1016 293 1108 'luca
312 1016 495 1108 annuerit,
515 1017 688 1094 conabor.
708 1014 769 1092 Ad
786 1017 899 1108 haec,
918 1023 958 1093 ut
977 1015 1150 1113 quoniam
1168 1040 1301 1116 propo·

198 1141 250 1233 sud,
267 1137 485 1218 Serenitatis
502 1143 609 1218 Tuae
626 1143 773 1236 famam,
790 1149 901 1239 atque
920 1141 1165 1241 principalem
1183 1141 1300 1240 digni-

197 1275 289 1343 tatem
316 1268 388 1345 hoc
418 1269 558 1367 scripto
586 1277 715 1344 contra
734 1269 924 1344 sinistram
952 1267 1138 1344 hominum
1163 1264 1302 1344 Censu-

198 1415 260 1466 ram
268 1394 372 1486 tueri,
394 1395 480 1470 Tua
498 1395 677 1494 imprimis
688 1393 881 1470 Serenitas
901 1395 1073 1493 quicquid
1083 1393 1300 1485 addendum,

198 1520 244 1592 rel
260 1519 542 1613 detrahendum,
572 1522 631 1595 vel
652 1521 762 1596 etiam
781 1521 1045 1596 immutandum
1068 1522 1107 1594 in
1125 1543 1190 1614 eo,
1217 1521 1302 1612 imo,

197 1644 541 1745 supprimendumne,
571 1670 618 1721 an
646 1645 956 1745 promulgandum
978 1647 1045 1740 sit,
1075 1670 1199 1724 secum
1218 1647 1303 1746 ipsa

198 1771 364 1848 iudicaret.
394 1773 491 1848 Nam
520 1796 590 1870 ego
615 1771 704 1865 hoc,
737 1772 911 1870 quicquid
939 1781 996 1848 est
1023 1774 1177 1867 laboris,
1197 1775 1303 1849 Tuae

198 1893 394 1974 Serenitatis
414 1905 599 1995 tamquam
619 1897 805 1998 Principis
826 1897 1082 1992 eruditissimi,
1103 1908 1140 1975 et
1158 1899 1302 1997 sapien·

198 2021 309 2097 issimi
328 2023 463 2099 iudicio
482 2024 751 2117 trutinandum,
770 2022 989 2114 limandum,
1010 2024 1303 2116 examinandum,

200 2149 434 2245 corrigendum
455 2150 620 2226 subiieio.
647 2148 896 2242 Quamobrem
916 2148 1164 2226 serenitatem
1183 2151 1304 2226 Tuam

200 2275 291 2350 ctiam
308 2283 420 2372 atque
440 2275 550 2352 etiarn
570 2299 655 2369 oro,
684 2284 724 2352 ut
743 2273 812 2351 has
831 2299 934 2351 meas
965 2276 1117 2374 vigilias
1136 2301 1210 2352 non
1230 2276 1305 2352 exi-

200 2402 269 2494 guis
293 2402 484 2480 laboribus
514 2403 770 2496 elucubratas,
799 2403 937 2479 illustri
965 2402 1089 2498 gratia
1120 2403 1305 2502 excipere,

201 2535 292 2624 atque
318 2553 396 2620 me,
430 2551 566 2627 operas
593 2551 783 2629 pensaque
811 2528 969 2628 Reipub'.
1003 2528 1129 2627 qualia
1154 2529 1306 2628 possim,

200 2653 405 2746 tradentem,
431 2655 661 2752 benignitate
680 2653 774 2748 Sua,
795 2663 906 2752 atque
935 2655 1183 2731 munificentia
1201 2653 1308 2731 Prin-

200 2776 267 2874 cipe
285 2779 394 2877 digna
424 2782 617 2879 complecti
635 2806 710 2858 non
728 2782 967 2878 dedignetur,
994 2790 1035 2856 ut
1054 2781 1174 2878 siquid
1202 2781 1241 2856 in
1260 2782 1308 2856 iis

201 2902 472 3000 desideraretur,
493 2909 693 2984 clementer
710 2908 749 2984 id
767 2909 857 2984 mihi
876 2908 1097 3000 condonare,
1117 2916 1155 2983 ct
1173 2915 1214 2982 ut
1232 2929 1307 2982 mu·

201 3030 259 3103 tari
276 3032 406 3128 possit,
427 3055 642 3129 suggerere,
663 3058 731 3132 pro
750 3057 830 3127 suo,
849 3058 942 3132 erga
960 3034 1017 3111 sui
1035 3034 1192 3108 nominis
1212 3034 1310 3108 enis-

200 3153 429 3252 timationem,
468 3160 589 3236 studio
626 3184 699 3236 non
726 3169 914 3258 gravetur.
949 3160 1067 3260 Spero
1095 3168 1241 3252 tamen,
1271 3167 1310 3235 et

199 3284 281 3377 apud
298 3285 539 3394 principalem
558 3289 679 3364 Tuam
698 3286 946 3364 Serenitatem
966 3287 1163 3362 Dominum
1189 3308 1309 3361 meum

200 3401 544 3504 Clementissimum,
573 3419 611 3489 et
639 3414 738 3512 apud
765 3421 916 3489 nostros
944 3413 1138 3504 homines,
1170 3412 1308 3487 talibus

199 3532 341 3632 alioquin
360 3536 519 3612 literatis
539 3539 731 3616 laboribus
750 3562 823 3614 non
842 3537 938 3615 satis
958 3559 1116 3635 aequos,
1146 3539 1308 3634 gratiam

199 3677 245 3731 ne
262 3661 417 3760 aliquam
437 3685 532 3752 esse,
551 3665 623 3740 hoe
641 3664 752 3741 etiam
771 3665 918 3739 nomine
937 3663 1129 3752 initurum,
1154 3662 1253 3761 quod
1271 3668 1309 3734 et

199 3781 327 3877 legibus
355 3788 496 3862 nostris
509 3789 748 3888 digerendis,
779 3812 824 3864 ae
851 3789 1096 3887 Imperatorio
1124 3787 1202 3863 Iuri
1228 3808 1311 3861 oon·

199 3903 385 4004 iungendis,
405 3913 606 3989 immensos
621 3923 735 4008 certe,
753 3938 796 3990 ac
814 3913 1056 3990 incredibiles
1075 3912 1225 3986 labores
1244 3909 1309 3984 im-

199 4033 379 4130 penderim,
399 4047 437 4112 et
457 4036 679 4116 Serenitatis
698 4041 871 4126 Vestrae,
891 4061 1087 4138 rerumque
1106 4037 1309 4136 patriarum

198 4161 378 4254 praeconio
398 4185 467 4260 pro
487 4163 584 4238 virili
614 4189 696 4240 mea
713 4173 821 4264 parte
840 4188 914 4242 non
933 4164 1131 4256 defuerim,
1160 4184 1248 4252 nec,
1277 4160 1310 4234 si

199 4283 401 4380 liberalitas,
422 4295 532 4384 atque
552 4291 798 4366 munificentia
809 4291 916 4366 Tuae
926 4287 1157 4379 serenitatis,
1175 4286 1213 4359 in
1232 4294 1310 4362 toto

200 4417 361 4489 terrarum
382 4411 486 4490 Orbe
506 4415 820 4511 decantatissima,
840 4441 884 4493 ac
903 4415 1147 4492 celeberrima
1165 4413 1310 4510 coeptis

199 4537 282 4613 neis
300 4541 532 4639 aspiraverit,
552 4545 675 4640 quoad
684 4545 824 4638 vixero,
841 4544 1031 4618 defuturus
1047 4541 1129 4614 sim.
1151 4537 1227 4613 Sed
1237 4537 1312 4613 iam

200 4683 236 4734 ne
254 4663 370 4741 multis
381 4668 579 4744 verborum
594 4671 815 4767 ambagibus
825 4671 1044 4768 obstrepere
1056 4666 1195 4757 videar,
1206 4663 1310 4746 Priu-
