3625 5534
479 535 528 586 uu
542 535 623 586 uun.
645 533 728 585 vro.
748 532 833 584 uuo.
851 532 885 583 x.
905 533 939 583 u.
959 533 1006 584 rv.
1257 515 1306 590 67

199 709 245 780 cis
260 707 516 782 transeundum
535 707 745 782 necessario
782 706 871 795 fuit,
910 728 995 781 sese
1023 709 1309 785 occultaverant.

200 833 276 906 llor
292 831 353 906 ubi
372 838 473 907 totus
492 833 745 907 Barbarorum
774 831 970 914 exercitus,
1009 855 1053 908 eo
1081 842 1202 930 ponte,
1241 837 1310 910 sub

199 979 262 1052 quo
278 956 330 1031 illi
356 956 536 1046 latebant,
556 955 778 1045 transiisset,
798 956 1141 1032 summaceleritate
1160 960 1209 1033 ad
1222 980 1310 1034 suos

199 1081 337 1172 reuersi,
375 1100 519 1154 omnem
548 1078 708 1153 hostium
738 1086 958 1176 apparatum
987 1077 1064 1154 illis
1093 1084 1308 1158 retulerunt.

202 1203 485 1304 vesprimienses
516 1202 640 1300 igitur,
669 1203 889 1298 recognita,
910 1203 1185 1288 Ferdiuaudum
1204 1206 1311 1283 Zam-

202 1331 340 1408 marium
358 1332 508 1406 natione
517 1329 652 1405 Italum
674 1330 1007 1405 homiuemclarum
1029 1355 1073 1408 ac
1082 1332 1310 1428 industrium,

200 1467 236 1533 ut
257 1467 392 1534 mature
420 1456 498 1531 arci
543 1456 722 1544 consulat,
759 1461 918 1530 monent.
957 1457 1030 1530 llle
1055 1461 1203 1554 negotio
1231 1481 1312 1534 cum

205 1582 424 1658 l'erdiuando
461 1578 607 1655 Comite
646 1583 695 1653 ab
723 1579 880 1655 Hardek
910 1584 1184 1678 communicato,
1222 1584 1313 1660 nihil

202 1707 290 1784 aiud
306 1709 403 1809 apud
425 1730 507 1784 eum
525 1706 692 1805 profecit,
732 1729 841 1803 quam
870 1715 910 1781 ut
938 1707 1198 1804 quadringenti
1217 1706 1315 1785 Ger·

204 1836 288 1910 mani
321 1835 477 1933 pedites,
515 1855 596 1908 cum
632 1853 705 1906 uou
743 1833 880 1927 exiguo
909 1841 1113 1908 commeatu
1146 1833 1313 1910 subsidio

207 1941 440 2057 Vesprimium
469 1958 711 2034 mitterentur.
731 1956 900 2031 Dimissa
919 1957 1034 2052 igitur
1053 1981 1100 2032 ex
1130 1982 1217 2034 arce
1234 1959 1312 2035 foe-

205 2085 375 2174 minarum,
393 2105 671 2184 puerorumque,
691 2106 738 2157 ac
755 2082 990 2178 reliquorum,
1019 2084 1081 2179 qui
1102 2085 1150 2158 ad
1177 2083 1314 2159 bellum

206 2209 338 2283 inutiles
355 2210 580 2298 viderentur,
616 2208 737 2299 turba,
775 2230 842 2305 spe
872 2208 1011 2299 auxilii,
1049 2209 1097 2282 ab
1117 2207 1314 2285 Hardekio

206 2335 403 2426 confirmati,
422 2335 614 2410 Barbaros
632 2315 779 2408 omuino
811 2333 1083 2432 exspectandos
1102 2335 1220 2421 nostri
1239 2341 1315 2408 sta·

205 2467 305 2535 tuere.
325 2457 399 2534 Vix
419 2437 622 2533 imbellium
641 2460 788 2535 turbam
799 2458 1025 2551 dimiserant,
1046 2467 1083 2534 et
1100 2459 1316 2536 neucesarie

207 2583 248 2656 ad
280 2584 527 2659 sustinendam
562 2583 791 2659 obsidionem
829 2607 897 2681 pro
936 2585 1118 2681 temporis·
1142 2583 1318 2681 angustia

209 2707 461 2807 disparuerunt,
480 2733 561 2785 eum
581 2731 667 2785 ecoe
688 2710 822 2805 ingens
842 2710 1048 2785 Tuscorum
1069 2711 1254 2787 exereitus
1274 2732 1316 2784 se

208 2833 480 2934 inconspectum
500 2836 581 2926 dat,
610 2857 656 2909 ac
670 2859 792 2909 arcem
812 2835 1097 2933 circumquaque
1121 2821 1225 2911 arcta
1253 2835 1316 2912 ob-

209 2957 334 3036 sidione
353 2959 478 3054 cingit.
508 2960 597 3034 Mox
630 2959 767 3034 castris
799 2983 845 3062 ex
863 2935 1097 3056 praescripto
1117 2959 1239 3054 gentis
1258 2959 1318 3033 fir-

209 3084 353 3160 missime
371 3084 532 3174 munitis,
554 3085 686 3159 vineas
716 3093 754 3159 et
780 3107 943 3180 aggeres
972 3083 1124 3178 iaciunt,
1139 3084 1317 3182 ,primum-

210 3229 269 3302 que
303 3210 396 3284 diem
442 3209 490 3284 iis
526 3210 700 3308 operibus
730 3209 968 3285 absoluendis
997 3217 1221 3286 consumunt.
1259 3210 1317 3284 ln-

209 3343 347 3423 grueute
366 3340 486 3427 nocte,
522 3333 746 3408 Benedictus
775 3333 922 3410 Fekete
950 3357 1031 3410 oum
1060 3333 1316 3411 selectissimis

210 3456 334 3554 aliquot
361 3459 558 3556 equitibus,
597 3483 683 3534 arce
720 3482 897 3556 egressus
934 3460 972 3533 in
999 3460 1140 3536 sacello
1161 3459 1318 3558 quodam
1451 3459 1452 3462 ‘

211 3602 245 3654 se
262 3584 370 3678 abdit,
408 3592 448 3658 ut
473 3582 710 3660 illucescente
738 3585 798 3660 die
816 3584 1007 3660 Barbaros
1036 3585 1088 3660 ibi
1108 3608 1237 3662 secure
1257 3609 1319 3660 va-

209 3716 337 3800 gantes,
356 3733 403 3784 ex
422 3710 622 3806 improviso
642 3711 843 3785 adoriatur.
865 3710 946 3784 Nec
965 3734 1047 3785 eum
1072 3709 1196 3808 opinio
1214 3709 1319 3784 fefel-

209 3830 254 3922 lit,
272 3834 405 3932 quippe
426 3833 535 3908 simul
554 3858 599 3908 ac
617 3834 751 3927 illuxit,
768 3835 951 3932 primores
969 3835 1221 3910 Barbarorum
1239 3853 1320 3906 curu

209 3956 322 4050 paucis
340 3956 535 4032 comitibus
564 3957 612 4031 ad
641 3959 770 4032 vineas
800 3957 992 4032 iaciendas
1023 3954 1320 4055 progrediuntur,

210 4101 289 4174 quos
323 4079 548 4154 Benedictus
586 4079 730 4155 Fekete
768 4080 956 4172 incautos,
980 4079 1315 4176 ‘inopinantesque

208 4225 414 4300 aggressus,
432 4205 552 4280 fundit
570 4213 684 4303 atque
712 4204 829 4300 fugat,
851 4212 888 4279 et
908 4203 1058 4278 taudem
1078 4203 1117 4276 in
1135 4223 1259 4277 arcem
1277 4225 1321 4278 se

208 4351 310 4406 orans
326 4331 469 4430 recipit
476 4332 624 4407 'l'urcae
635 4330 867 4420 vero,missis
878 4330 1020 4406 duobus
1030 4328 1174 4404 civibus
1185 4328 1309 4406 Kech-

212 4453 515 4533 komethieusibus
534 4458 583 4533 ad
610 4463 758 4555 portam
786 4457 885 4531 arcis
904 4501 917 4512 -
938 4501 949 4512 -
970 4455 1015 4546 is,
1033 4461 1071 4530 et
1087 4475 1179 4528 voce
1205 4476 1321 4552 popu·

212 4579 328 4656 larium
346 4584 549 4674 hortantur,
569 4583 748 4658 obsessos
767 4583 817 4658 ad
835 4581 1068 4656 deditionem.
1089 4579 1196 4671 Quod
1215 4581 1248 4654 si
1266 4581 1322 4656 la·

213 4719 325 4786 cerem
350 4718 554 4806 autequam
584 4734 652 4784 arx
670 4709 866 4785 tormentis
885 4715 1085 4806 peteretur,
1105 4706 1323 4784 incolumem

1161 4849 1202 4914 5*
