3625 5534
508 421 556 470 nn
574 420 655 470 nen.
675 420 758 472 vso.
778 420 860 470 nno.
881 423 918 472 n.
938 421 970 470 u.
999 422 1061 471 vn.
1279 397 1354 474 151

229 595 364 670 iactum
383 593 610 670 bombardae
629 591 864 670 Christianos
894 595 1079 670 instructa
1098 597 1179 672 acie
1199 598 1357 694 quadra-

228 721 351 818 tisque
378 719 590 818 agminibus
620 719 922 818 appropinquare
941 720 1120 812 viderent,
1167 730 1354 799 tormenta

229 844 360 923 ordine
379 844 502 919 omnia
519 844 557 917 in
576 865 643 919 eos
664 844 914 942 exploserunt.
944 845 1275 924 Vernmenimvero
1310 874 1357 926 ne

229 972 424 1070 quicquam
442 970 491 1044 iis
510 968 719 1044 detrimenti
738 970 878 1045 nostris
908 969 1070 1063 daretur,
1090 972 1162 1047 fide
1187 974 1359 1068 magistri

229 1103 495 1175 tormentorum
514 1097 683 1171 effectum
703 1104 771 1189 est,
791 1095 854 1192 qni
864 1118 945 1170 cnm
955 1093 1209 1174 Christianum
1219 1121 1262 1175 se
1272 1124 1358 1177 esse

227 1223 539 1314 reminisceretur,
558 1243 679 1320 neque
696 1221 941 1320 popularibus
962 1223 1040 1298 suis
1060 1247 1195 1301 nocere
1215 1226 1254 1300 in
1282 1227 1358 1301 ani·

230 1375 327 1427 mnnr
345 1349 547 1440 induceret,
587 1370 633 1423 ea
661 1355 742 1452 arte
770 1347 963 1423 machinae
992 1373 1131 1425 aeneas
1161 1359 1355 1447 statuerat,

231 1487 270 1553 nt
287 1477 390 1576 pilae
419 1497 544 1551 eornm
571 1478 687 1549 totum
715 1483 924 1550 nostrornm
957 1476 1162 1551 exercitum
1180 1476 1261 1552 sine
1280 1477 1356 1553 ullo

232 1603 320 1679 dato
340 1601 568 1677 incommodo
598 1601 960 1698 supervolitaverint.
1002 1601 1119 1700 Atqui
1146 1611 1357 1679 nostrornm

232 1737 414 1806 tormenta
432 1736 509 1802 tam
529 1727 689 1803 feliciter
707 1728 812 1802 fuere
831 1728 870 1801 in
888 1724 1019 1803 hostes
1029 1728 1178 1818 librata,
1188 1737 1228 1804 nt
1237 1729 1357 1829 primo

234 1854 359 1930 statim
377 1853 453 1929 ictu
481 1852 639 1950 signifer
667 1875 747 1928 cum
771 1852 973 1951 praecipuo
1001 1853 1281 1931 barbaricarum
1299 1877 1357 1929 co-

231 1981 375 2080 piarum
392 1980 531 2055 vexillo
542 1979 712 2055 concisus
722 1978 852 2054 luerit:
873 2002 947 2078 qna
956 2001 998 2053 re
1008 1987 1222 2076 conspecta,
1232 1981 1357 2055 simul·

234 2129 304 2205 qne
341 2105 521 2181 acerrimo
568 2111 778 2180 nostrorum
818 2104 958 2202 impetn
976 2107 1210 2202 clamoreque
1229 2101 1357 2180 hostes

233 2231 411 2327 territi,in
429 2233 556 2327 fugam
575 2254 617 2308 se
635 2232 803 2332 protinus
824 2231 1012 2325 dederunt,
1033 2231 1265 2327 desertisque
1282 2238 1357 2305 tor·

231 2359 364 2436 mentis
382 2357 727 2455 impedimentisque
755 2357 893 2432 ceteris
923 2358 960 2433 in
979 2359 1109 2433 urbem
1127 2381 1169 2432 se
1187 2357 1356 2455 recipere

232 2484 355 2563 conati
373 2484 529 2560 luerunt.
549 2486 697 2560 Instant
714 2483 943 2581 fngientibus
968 2484 1097 2578 nostri,
1121 2490 1159 2558 et
1177 2503 1356 2580 quoscun-

233 2633 303 2710 que
322 2616 591 2706 asseqnnntnr,
630 2631 747 2684 saeva
774 2610 889 2684 caede
917 2610 1124 2700 absumunt,
1160 2617 1199 2684 et
1215 2606 1266 2681 ad
1284 2605 1355 2681 duo

233 2735 351 2813 millia
369 2757 415 2811 ao
434 2734 610 2810 ducentos
630 2759 676 2810 ex
695 2735 742 2810 iis
767 2735 963 2811 trucidant.
1003 2733 1182 2830 Bnlgaris
1211 2738 1249 2808 et
1270 2730 1355 2807 reli·

232 2863 327 2961 quis,
363 2883 456 2958 qnos
494 2857 730 2937 Christianos
769 2883 855 2937 esse
891 2883 938 2935 ex
966 2859 1165 2959 praeputio
1192 2883 1267 2934 non
1285 2857 1355 2932 cir·

234 2987 397 3066 cnmciso
436 2986 623 3082 cognitum
660 2996 729 3080 est,
777 3010 824 3062 ex
871 2985 991 3062 edicto
1028 3007 1240 3084 pepercere.
1277 2983 1354 3057 Re-

232 3112 326 3212 liqui
333 3111 583 3188 Barbarorum
601 3113 737 3211 partim
755 3113 794 3187 in
814 3135 937 3187 arcem
949 3134 991 3188 se
1009 3134 1200 3209 recepere,
1218 3109 1354 3208 partim

232 3240 315 3326 alio,
337 3261 411 3336 qua
428 3238 559 3337 cuique
577 3238 784 3336 proximum
803 3238 882 3332 fnit,
895 3235 1285 3336 diffugerelmprimis
1299 3241 1355 3309 ta·

237 3387 320 3440 men
344 3363 524 3463 plerique,
562 3363 624 3461 qui
654 3365 744 3460 fuga
762 3363 834 3439 sibi
865 3363 1024 3438 salntem
1043 3360 1290 3459 quaesierunt,
1316 3359 1355 3433 in

235 3511 358 3568 arcem
377 3485 625 3586 Gyrgioviam
655 3511 821 3564 evasere.
843 3487 959 3562 Fusis
979 3486 1194 3585 fugatisque
1212 3484 1355 3559 inhunc

232 3614 376 3692 modum
385 3613 577 3709 Barbarie,
598 3593 771 3712 oppidum
790 3614 910 3689 nostri
919 3613 1109 3703 invadunt,
1128 3619 1166 3687 et
1185 3611 1353 3687 omnibus

232 3741 311 3817 sinc
329 3738 404 3816 ullo
424 3739 561 3816 aetatis
581 3747 646 3815 ant
672 3762 786 3816 sexus
816 3739 1029 3815 discrimine
1050 3737 1184 3828 caesis,
1220 3735 1351 3833 paucis

231 3865 424 3943 admodum
443 3866 615 3961 servatis,
635 3873 766 3942 cuncta
785 3865 974 3965 diripiunt,
994 3862 1170 3962 praedam
1189 3859 1353 3955 abigunt,

233 3994 346 4070 aedes
364 3991 572 4084 incendunt,
593 4001 630 4068 et
649 4015 744 4089 quae
764 3993 912 4069 anferre
922 4015 997 4067 non
1005 3994 1172 4088 possunt,
1183 3984 1354 4061 incendio

234 4121 391 4216 aliisque
411 4117 529 4193 modis
540 4127 786 4218 corrumpunt.
805 4121 885 4196 Iam
894 4141 970 4194 nox
980 4112 1191 4213 appetebat,
1200 4110 1352 4186 milites-

235 4235 1354 4343 quc,Va1achipraesertimacsiomi‚genush0minumvinum

233 4377 424 4472 appetens,
444 4369 558 4446 caede
568 4371 787 4470 rapinisque
796 4370 936 4463 satiati,
947 4367 1057 4443 simul
1067 4372 1105 4440 et
1114 4363 1218 4456 fessi,
1229 4364 1354 4439 immo·

234 4496 418 4574 deratiore
436 4497 688 4594 generosioris
708 4498 795 4591 vini,
816 4495 976 4596 quodibi
992 4494 1029 4568 in
1040 4492 1148 4590 copia
1165 4491 1354 4565 inventum

231 4631 317 4718 erat,
337 4645 407 4704 nen
426 4644 468 4702 se
486 4622 917 4730 ingurgitaverantrcum
935 4617 1097 4698 Michael
1116 4614 1289 4714 Vajvoda
1307 4637 1349 4691 re
