3625 5534
517 529 564 578 ne
583 529 662 579 nna.
682 528 765 580 vno.
789 529 872 580 nne.
891 530 927 580 x.
947 533 981 582 r..
1001 532 1049 582 vr.
1273 505 1349 582 125

227 700 386 796 gillatim
406 711 583 802 quotquot
601 704 675 778 sint
694 704 869 779 nobilium
898 728 979 780 cum
1011 727 1055 780 eo
1075 705 1271 804 disputent,
1289 729 1351 782 ve·

227 851 306 904 rum
321 840 493 907 constare
523 831 606 924 sibi,
644 832 741 928 quod
773 832 947 929 princeps
975 832 1114 907 habeat
1140 855 1262 908 secum
1290 857 1348 912 sa·

228 954 384 1052 pientes,
413 980 553 1054 usuque
582 979 703 1033 rerum
741 957 1071 1034 exercitatissimos
1108 959 1350 1035 consiliarios.

227 1079 389 1160 Proinde
407 1085 580 1182 quicquid
599 1107 678 1159 cum
698 1084 745 1157 iis
765 1082 989 1183 Principalis
1009 1085 1188 1161 Maiestas
1208 1107 1351 1185 compo·

228 1217 344 1300 neret,
364 1219 474 1307 atque
494 1209 767 1286 communicatis
795 1210 961 1284 consiliis
989 1209 1233 1305 concluderet,
1253 1211 1351 1308 quod

227 1335 373 1430 quidem
411 1338 459 1411 ad
486 1337 671 1435 publicam
697 1337 841 1434 patriae
870 1337 1028 1412 salutem
1057 1338 1207 1428 faceret,
1246 1337 1349 1412 eise

225 1460 429 1556 universos,
450 1486 493 1538 ac
511 1462 677 1560 singulos
697 1485 835 1537 summo
846 1485 1028 1538 consensu
1045 1485 1224 1552 cessuros,
1235 1472 1346 1560 atquc

228 1588 504 1687 subscripturos
533 1612 626 1666 esse.
667 1591 726 1664 Ita
755 1594 937 1664 conventu
966 1589 1100 1680 soluto,
1130 1589 1283 1687 quisque
1302 1589 1350 1664 ad

226 1735 295 1788 sna
314 1713 459 1789 dimissi
482 1716 595 1790 fuere.

760 1925 890 1932 ----.-q--

576 2179 749 2258 OAPV'P
770 2179 998 2256 SEX'PVM.

250 2377 308 2449 De
335 2378 488 2451 comitiis
507 2378 657 2452 armant
676 2375 956 2469 Sobese'eosibae,
988 2389 1020 2449 et
1043 2374 1317 2450 Tbcrdensibas.

331 2592 534 2690 Postquam
554 2595 700 2670 comitia
709 2595 857 2669 fuerunt
868 2593 1051 2684 soluta,et
1060 2590 1200 2690 aliquot
1219 2594 1346 2690 quieti,

224 2720 491 2819 apparatniqne
520 2721 599 2796 dies
627 2718 804 2812 concessi,
833 2717 896 2791 vix
925 2717 1028 2805 duae,
1058 2727 1183 2793 tresve
1212 2719 1348 2794 hebdo-

224 2847 355 2922 madae
383 2846 617 2938 transierant,
646 2869 725 2922 cum
756 2865 841 2920 ecce
861 2843 1041 2942 Princeps
1066 2845 1343 2922 severissimum

223 2973 259 3048 in
297 2995 425 3048 omncs
462 2979 588 3072 partes
626 2971 838 3070 provinciae
876 2969 1034 3044 edictum
1054 2971 1273 3069 promulgat,
1292 2972 1346 3046 nti

224 3121 352 3176 omnes
370 3100 518 3175 ordines
537 3100 679 3190 armati,
710 3099 748 3172 in
776 3096 917 3194 campis
944 3089 1242 3190 Sabesiensibus,
1271 3120 1343 3172 uno

224 3227 269 3300 ab
300 3223 514 3302 Alba-Iulia
547 3225 696 3300 milliari
725 3223 866 3298 dissitis
896 3222 1125 3313 conveniant,
1150 3222 1285 3321 partim
1304 3230 1345 3296 ut

224 3351 256 3426 si
283 3351 490 3426 necessitas
518 3351 572 3426 ita
606 3351 740 3442 ferret,
778 3348 923 3423 obviam
953 3346 1123 3423 hostibus
1143 3347 1188 3421 iri
1207 3354 1346 3446 posset,

226 3477 361 3576 partim
381 3499 482 3570 vero,
500 3486 539 3551 ut
559 3475 646 3572 quid
665 3475 703 3549 in
721 3473 1345 3571 tantisrerummotibuslactoopus
1489 3557 1495 3570 .

224 3604 284 3696 sit,
312 3602 469 3678 ulterius
497 3603 777 3678 consultaretur.
814 3599 941 3674 Turca
973 3600 1069 3674 enim
1097 3600 1243 3696 cognito
1272 3601 1345 3674 iam
1391 3671 1397 3680 .

226 3727 411 3829 Principis
430 3753 497 3828 per
508 3728 763 3829 exploratores
782 3729 913 3822 animo,
931 3735 1106 3825 coeperat
1126 3748 1344 3803 rursuseum

225 3857 370 3932 artibus
390 3857 663 3949 circumvenire,
684 3879 729 3930 ae
747 3854 1020 3930 adulationibus
1039 3855 1087 3928 ad
1106 3852 1268 3928 taedium
1285 3875 1345 3926 us·

223 4006 294 4080 que
323 3989 435 4080 atque
454 4005 629 4059 nauseam
658 3980 874 4056 demulcere.
904 3981 961 4054 Eo
987 3979 1049 4053 ubi
1068 4001 1195 4054 omnes
1214 3999 1344 4052 conve-

222 4109 375 4200 nissent,
404 4115 442 4184 et
469 4108 609 4206 aliquot
638 4107 778 4182 dierum
807 4104 987 4203 Princeps
1017 4126 1098 4178 cum
1118 4103 1342 4180 consiliariis

223 4235 527 4333 disceptationem
545 4233 746 4326 habuisset,
766 4231 905 4329 primus
925 4227 1343 4305 BaltbasarBathoreus

222 4360 449 4458 quorundam
485 4361 658 4436 instinctu
685 4360 722 4434 in
752 4367 1003 4434 transversum
1029 4365 1146 4450 actus,
1185 4359 1344 4434 tentoria

222 4511 290 4564 sua
309 4487 430 4587 diripi,
449 4489 709 4587 asportarique
737 4487 855 4571 iussit,
886 4484 1053 4562 omnibus
1074 4485 1343 4560 cordatioribus

222 4639 266 4691 ex
288 4639 332 4691 eo
352 4615 611 4711 colligentibus
631 4617 719 4690 lore.
749 4621 789 4688 ut
807 4612 1020 4688 tristissima
1039 4613 1123 4686 inde
1142 4611 1342 4688 discordia·

221 4763 300 4815 rum
320 4741 462 4816 semina
480 4750 710 4836 exurgerent.
737 4739 887 4814 Interim
906 4737 1059 4813 nunciis.
1080 4763 1124 4813 ac
1134 4739 1248 4814 variis
1258 4739 1342 4813 sub·
