3625 5534
463 1412 756 1482 SERENISSIMO
772 1415 1051 1499 INOLITOQVE

218 1535 431 1618 PRINCIPI
442 1540 510 1618 AO
520 1543 745 1636 DOMINO,
756 1543 967 1623 DOMINO
978 1546 1321 1642 SIGISMVNDO,

216 1655 379 1719 ostensura
394 1679 657 1734 TRANSYLVANIAE,
672 1681 861 1732 monnsvlns,
876 1684 1060 1737 VALAOHIAE,
1075 1687 1322 1739 TRANSALPINAE,

216 1747 288 1788 SACRl
302 1750 415 1790 nouum
430 1751 548 1792 rursum
563 1753 702 1804 nuruum,
717 1754 835 1795 confluo
845 1756 1083 1799 resumentem
1093 1760 1258 1811 vausune,
1273 1761 1319 1800 CO·

334 1823 397 1863 um
406 1822 576 1866 SIGVLORVM
587 1823 625 1866 &e
635 1826 753 1868 DOMINO
763 1827 819 1870 SVO
830 1828 1074 1870 CLEMENTISSIMO
1088 1831 1111 1872 S.
1122 1834 1147 1873 P.
1157 1832 1185 1871 D.

218 1981 344 2116 Nunc
370 2043 491 2140 magis
511 2045 619 2122 decet
645 2071 729 2141 eos,
751 2045 999 2127 serenissime
1018 2051 1220 2151 Princeps,
1245 2054 1322 2130 Do-

217 2168 298 2244 mine
316 2167 628 2265 Clementissime,
651 2175 714 2272 qui
733 2174 997 2272 gubernaculis
1016 2177 1159 2276 reipub.
1178 2179 1320 2277 praesi-

218 2291 300 2380 dent,
319 2319 426 2394 quam
444 2305 485 2373 ut
503 2299 737 2396 praeclaras,
757 2301 1016 2398 salutaresque
1036 2325 1109 2394 res,
1130 2302 1252 2399 quoad
1270 2303 1324 2378 vi-

217 2421 337 2512 xerint,
369 2446 513 2499 summa
531 2446 678 2523 semper
698 2450 769 2524 ope
789 2433 939 2522 gerant,
959 2426 1184 2525 easdemque
1203 2427 1242 2502 in
1262 2453 1327 2527 pu-

220 2545 305 2623 blica
322 2549 559 2625 historiarum
578 2560 812 2628 monumenta
835 2552 1053 2627 referendos
1072 2560 1211 2628 curent.
1241 2553 1326 2630 Nisi

218 2674 300 2749 enim
326 2672 584 2752 Clarissimms
602 2675 816 2776 Principum
840 2679 1027 2772 facinora,
1057 2675 1173 2778 opera
1201 2679 1325 2756 docto-

219 2823 286 2876 rum
311 2802 495 2878 hominum
521 2803 642 2879 literis
666 2804 902 2897 mandentur,
931 2812 1043 2903 atque
1070 2805 1179 2880 iustis
1207 2806 1326 2881 Enco-

219 2925 290 3000 miis
307 2928 557 3020 celebrentur,
585 2929 681 3004 idem
701 2937 802 3006 certe
820 2930 994 3022 tumulus,
1013 2930 1075 3027 qui
1091 2953 1251 3028 corpora
1268 2950 1327 3006 ec-

220 3073 287 3127 rnm
304 3053 486 3152 contegit,
509 3055 644 3130 famam
665 3045 810 3152 quoque
829 3056 979 3146 obruet,
1009 3078 1054 3129 ac
1071 3078 1205 3131 nomen
1223 3079 1243 3130 e
1262 3079 1326 3154 po·
1388 3152 1393 3158 Ι

219 3179 386 3256 sterimtis
418 3181 594 3256 memoris
612 3179 762 3256 delebit.
790 3179 906 3278 Atqui
925 3181 959 3254 si
977 3186 1143 3256 veterum
1171 3180 1326 3276 Regum,

220 3311 316 3400 stom
335 3293 548 3402 Principum
562 3307 734 3404 exempla
751 3306 994 3382 intuebimur:
1013 3308 1141 3405 reipsa
1159 3308 1326 3406 profecto

220 3431 491 3530 comperiemus,
520 3431 694 3527 perennis
713 3454 778 3507 eos
799 3431 944 3527 gloriae
973 3432 1098 3528 gratia
1116 3439 1193 3507 tam
1220 3432 1328 3521 domi,

220 3575 316 3650 quom
334 3554 487 3630 militiae
506 3562 638 3630 cuncta
648 3555 896 3650 praestitisse.
917 3553 1015 3645 Quid
1034 3556 1131 3630 enim
1150 3577 1222 3652 ego
1233 3556 1327 3632 Her-

220 3679 323 3756 culem
342 3680 455 3761 illum,
475 3678 563 3777 quid
583 3676 737 3775 Cyrum,
757 3679 846 3776 quid
865 3679 1122 3755 Alexandrum
1140 3681 1329 3776 Magnum,

221 3805 295 3902 quid
324 3804 539 3903 Scipiones,
568 3803 656 3901 quid
674 3801 892 3881 Ciceronem
920 3803 1072 3880 Patrem
1091 3803 1265 3896 Patriae,
1293 3813 1330 3877 et

221 3927 370 4007 infinitos
399 3929 495 4006 alios
522 3927 673 4006 Heroas
702 3951 1002 4018 commemorem,
1037 3929 1098 4025 qui
1129 3937 1229 4003 certe
1256 3949 1329 4002 uon

221 4057 282 4132 nisi
298 4056 467 4156 perpetui
486 4055 641 4131 nominis
659 4056 708 4132 ad
727 4078 849 4131 seram
868 4056 1123 4153 posteritatem
1141 4057 1256 4151 longa
1273 4075 1330 4129 se-

222 4183 267 4256 ris
291 4179 563 4258 transmittendi
583 4180 725 4274 studio,
744 4188 818 4274 tot,
848 4187 1046 4278 tantosque
1070 4177 1221 4255 labores
1249 4202 1331 4277 per·

221 4307 380 4384 tulerunt.

317 4435 457 4512 Verum
484 4434 670 4511 enimvero
699 4457 934 4532 nequaquam
961 4440 1015 4508 tot
1033 4438 1211 4529 tantaque
1237 4428 1333 4529 peri·

223 4559 563 4638 calumniamur
582 4561 796 4652 subiissent,
816 4559 889 4634 nisi
903 4535 1149 4634 credidissent
1166 4558 1247 4631 iore
1267 4557 1333 4630 ali·

223 4707 325 4782 quos,
353 4687 415 4785 qui
433 4684 631 4785 praeclara
658 4687 821 4784 ipsorum
841 4693 951 4782 gesta
970 4684 1121 4783 scriptis
1140 4684 1238 4775 suis,
1265 4703 1334 4756 ceu

1132 4825 1171 4886 1*
