3625 5534
488 458 538 510 nn
556 459 636 509 nnn.
657 458 741 510 vno.
762 459 843 510 nnc.
863 460 897 510 x.
918 460 951 508 n.
972 459 1021 510 nr.
1263 433 1314 510 39

510 777 686 854 GAPV'P
714 775 1008 854 SECVNDVM.

337 961 395 1034 De
416 961 526 1037 Petro
545 961 700 1059 pecodum
718 958 941 1034 Maidoaicm
964 973 1169 1055 occupante.

303 1128 470 1220 Interea,
498 1126 581 1202 dnm
600 1126 694 1201 haec
710 1124 762 1199 ibi
785 1132 962 1220 aguntur,
992 1122 1127 1199 Petrus
1156 1121 1312 1221 qnidam,

208 1251 463 1330 inMoldaviae
482 1253 675 1351 Principes
694 1275 812 1348 genus
836 1274 941 1328 annm
968 1252 1154 1344 referens,
1184 1250 1312 1326 ascitis

210 1378 274 1452 sibi
288 1380 471 1455 nonnullis
489 1380 528 1455 in
545 1376 735 1470 Poloniae,
755 1355 987 1474 Russiaeqiue
1006 1377 1140 1452 finibus
1159 1375 1311 1452 militnm

209 1505 323 1604 copiis,
340 1508 530 1583 tumultum
556 1508 594 1581 in
621 1503 813 1605 provincia
831 1503 899 1579 illa
927 1527 998 1579 non
1019 1503 1191 1600 exignum
1216 1502 1312 1579 exci-

208 1630 299 1706 tavit
317 1629 565 1709 contraxerat
592 1631 687 1707 enim
715 1654 787 1705 non
806 1629 979 1726 exiguam
1009 1651 1188 1725 vagorum
1218 1628 1310 1703 mili·
1344 1675 1346 1680 -

208 1765 273 1834 tun
289 1783 442 1852 manum,
461 1781 555 1858 qnos
574 1755 748 1834 Oonakos
766 1757 879 1853 vulgo
890 1766 1035 1851 vocant,
1055 1758 1173 1832 ferum
1193 1776 1310 1853 genus

209 1885 388 1978 hominnm,
406 1885 443 1961 in
453 1883 649 1983 paludibus
666 1882 916 1982 Borysthenis
925 1904 993 1980 per
1003 1889 1183 1958 aestatem
1194 1883 1312 1980 pisca-

209 2009 295 2086 tione
321 2011 431 2104 vitam
450 2009 672 2100 tolerantes,
700 2015 739 2084 et
756 2008 896 2083 vicinos
917 2008 1082 2100 ancas,
1112 2009 1310 2084 Tartarus-

211 2159 288 2233 qne,
316 2160 385 2211 nec
409 2158 482 2209 non
510 2133 704 2211 Moldavos
732 2132 913 2208 continuis
937 2135 1017 2207 fere
1040 2133 1311 2210 incursionibus

209 2261 431 2351 infestantes,
459 2261 513 2335 ita
530 2265 571 2333 nt
588 2258 768 2332 nullarum
787 2257 946 2356 partium
966 2257 1110 2333 omnino
1131 2257 1223 2348 sint,
1243 2243 1333 2333 sad'

211 2408 409 2482 quocunqne
427 2407 470 2459 se
487 2383 638 2459 fortuna
660 2382 830 2468 inclinat,
860 2406 903 2458 eo
923 2382 1175 2482 propendere,
1203 2406 1308 2480 prae-

210 2513 322 2588 sertim
349 2512 382 2586 si
399 2510 557 2610 pretinm
584 2509 822 2604 interveniat,
852 2511 1008 2586 soleant.
1028 2509 1164 2587 Petrus
1188 2511 1311 2610 igitur,

210 2638 331 2736 impetn
356 2638 394 2712 in
421 2658 575 2711 vacuam
602 2636 829 2734 provinciam
846 2635 965 2730 facto,
995 2637 1153 2712 Iassiam
1177 2638 1311 2720 statim.

210 2763 326 2861 inqua
343 2763 452 2838 sedes
470 2762 704 2860 Principatns
724 2768 798 2854 e'st,
818 2763 934 2838 eiecto
952 2762 1039 2838 inde
1057 2760 1232 2853 Ohnnsio,
1252 2764 1314 2860 qui

211 2888 356 2979 marea,
384 2889 502 2964 donea
523 2911 640 2963 novus
659 2887 839 2986 Princeps
857 2888 1073 2979 adveniret,
1102 2889 1184 2964 iura
1211 2890 1313 2985 genti

212 3015 302 3090 ferae
318 3015 440 3108 dabat,
459 3022 630 3113 occupat,
659 3035 773 3112 seque
792 3036 859 3111 pro
888 3012 1062 3112 Principe
1090 3014 1246 3110 agnosci
1264 3015 1312 3088 ab

212 3264 252 3339 ad
266 3265 491 3366 Principem,
517 3266 723 3363 iungendae
747 3288 827 3341 curn
846 3289 892 3342 eo
913 3266 1094 3342 amicitiae
1114 3289 1247 3354 cansa,
1276 3274 1314 3343 et

212 3390 252 3465 ad
267 3389 395 3468 Aulam
415 3392 583 3468 similiter
602 3393 797 3468 Turaiaam
816 3392 1000 3488 Legatos,
1027 3392 1087 3489 qni
1105 3392 1313 3468 indicarent

212 3538 280 3592 enm
307 3516 481 3594 Caesaris
507 3519 704 3618 imperata
717 3517 921 3610 facturum,
950 3525 986 3594 et
1014 3519 1093 3593 eins
1121 3519 1310 3608 beneficio,

211 3665 281 3718 oon
297 3642 406 3720 solita
424 3644 552 3720 nibnti
561 3644 672 3718 annui
689 3644 866 3742 pensione
876 3644 1139 3743 praefuturum.
1161 3645 1313 3737 Verum,

212 3768 388 3866 utlagatio
417 3771 497 3846 eins
523 3769 664 3845 reiecta
682 3793 706 3844 a
724 3766 910 3861 Caesare,
936 3777 973 3846 et
991 3770 1128 3845 ballum
1147 3771 1255 3846 simul
1273 3769 1311 3844 in

212 3915 283 3968 enm
300 3895 492 3972 decretum.
513 3893 597 3987 Sed,
617 3902 655 3971 et
673 3895 853 3995 Princeps
870 3896 1170 3992 Transylvaniae
1189 3895 1311 3970 admo·
1428 3885 1432 3894 ’

215 4018 283 4093 nuit
297 4019 492 4114 hominem,
510 4029 551 4098 nt
567 4021 649 4098 loco
668 4023 827 4113 eederet,
845 4047 915 4099 nec
933 4021 1183 4120 Principatnm
1200 4019 1315 4096 invito

218 4141 375 4238 Caesare,
395 4146 464 4224 sed
482 4146 519 4221 in
533 4146 632 4222 Aula
642 4147 814 4246 precibus
833 4147 1000 4224 obtinere
1020 4153 1224 4220 conaretur.
1243 4144 1315 4219 Ve-

219 4293 288 4346 run
303 4271 337 4348 id
354 4273 469 4351 Petro
486 4272 712 4374 peralienum
728 4273 845 4348 visum
864 4281 942 4365 est,
971 4295 1014 4348 eo
1034 4270 1132 4371 quoni
1157 4277 1317 4369 putaret,

223 4403 256 4470 et
271 4405 370 4500 torpa
388 4402 477 4494 sibi,
496 4411 533 4479 et
549 4402 812 4479 incommodum
831 4402 1000 4490 futurum,
1020 4399 1052 4472 si
1069 4397 1170 4474 inani
1187 4398 1317 4473 verbo·

225 4546 294 4600 run
310 4535 449 4604 terrore
466 4529 679 4627 perculsus,
708 4550 815 4626 quam
832 4527 971 4616 locum,
1001 4526 1131 4601 comite
1160 4526 1316 4612 fortuna,

222 4661 339 4736 nactus
355 4655 499 4748 inissa,
518 4679 600 4732 eum
618 4655 769 4754 ignavia
787 4653 984 4730 desereret.
