3625 5534
438 459 516 540 262
819 478 868 530 10.
886 474 988 528 nncrr
1006 472 1156 528 nonovn

439 656 601 755 Lippam
618 653 821 754 praemisit,
855 675 899 726 ao
919 650 1182 747 conquiescere
1211 661 1298 727 ante
1328 652 1401 726 iter
1420 648 1569 726 conseo

374 767 376 770 ³
437 791 515 857 tum
541 779 667 855 vetuit.
695 777 768 853 His
796 775 982 878 explicitis
1020 779 1143 871 rebus,
1180 778 1289 874 signo
1325 775 1570 875 profectionis

439 905 536 997 dato,
555 927 650 980 vasa
668 903 789 978 omnia
817 902 894 976 vini
922 900 1080 995 incendi,
1100 926 1146 977 ac
1162 902 1426 1002 impedimenta
1444 900 1571 976 omnia

436 1051 512 1107 non
539 1027 756 1106 necessaria
784 1025 930 1102 absumi
965 1026 1088 1118 iubet,
1126 1029 1329 1128 copiasque
1358 1049 1487 1102 omnes
1523 1025 1570 1101 de

439 1162 573 1257 quarta
590 1153 721 1250 vigilia
739 1153 892 1229 eductas
923 1151 1052 1228 codem
1079 1152 1212 1228 itinere
1241 1151 1456 1251 praemittit,
1485 1172 1569 1249 par·

437 1301 558 1378 noque
576 1278 697 1377 spatio
716 1276 938 1368 intermisso,
967 1283 1007 1351 ut
1024 1276 1184 1353 militare
1202 1277 1411 1353 institutum
1440 1297 1568 1351 serva·

440 1411 552 1497 retur,
571 1426 666 1478 vasa
677 1403 901 1479 conclamari
911 1402 1024 1478 iubet.
1043 1404 1131 1501 Ipse
1143 1426 1287 1500 quoque
1299 1402 1425 1479 statim
1438 1423 1568 1495 egres-

438 1549 513 1620 sus,
523 1527 665 1602 relictis
675 1526 859 1602 nonnullis
873 1523 1100 1618 cohortibus,
1112 1550 1208 1624 quae
1221 1535 1425 1603 extremum
1434 1546 1569 1621 agmen

307 1763 319 1772 ⁵
440 1651 663 1744 clauderent,
683 1658 724 1728 ut
743 1651 841 1728 lente
859 1650 1148 1750 procedentibus
1167 1652 1411 1749 fatigatisquo
1429 1649 1569 1726 auxilio
1592 1737 1595 1745 ¹

445 1797 530 1854 esse
548 1784 712 1874 possent,
733 1776 1145 1874 celeritercoonspectu
1162 1778 1266 1853 urbis
1280 1775 1465 1851 discessit.
1485 1773 1571 1867 Qua

440 1923 483 1977 re
501 1902 821 2000 cognitaanoae,
842 1901 905 1998 qui
924 1901 1048 1976 audito
1059 1910 1264 1979 castrorum
1284 1902 1456 2000 strepitu,
1476 1899 1570 1975 nihil

438 2026 512 2102 nisi
529 2027 677 2104 ultimos
696 2033 905 2102 nostrorum
925 2033 1079 2103 conatus
1098 2025 1436 2126 praestolabantur,
1456 2025 1569 2102 maio

439 2151 544 2229 ribus
562 2153 600 2228 in
619 2154 799 2229 abeuntes
818 2160 966 2228 nostros
984 2152 1178 2228 tormentis
1198 2153 1377 2247 intonant,
1398 2153 1568 2229 volunta·

439 2283 587 2375 temque
599 2276 682 2368 sibi,
699 2300 774 2354 non
783 2276 895 2370 vires,
906 2276 955 2351 ad
965 2278 1238 2374 propulsandos
1253 2277 1381 2353 hostes
1402 2276 1570 2352 defuisse

442 2401 650 2478 ostendunt.
671 2401 770 2476 Nam
789 2407 875 2475 ante
893 2400 933 2475 id
950 2409 1106 2499 tempus,
1135 2425 1182 2476 ne
1209 2425 1318 2478 unum
1347 2402 1496 2500 quidem
1525 2416 1571 2477 ex

444 2524 644 2602 maioribus
662 2524 855 2600 tormentis
883 2523 1138 2615 adhibuerant,
1166 2548 1236 2600 nec
1261 2526 1335 2601 nisi
1366 2526 1570 2604 minoribus

440 2657 703 2727 tormentorum
721 2650 923 2746 generibus
941 2649 1000 2725 nsi
1018 2651 1176 2726 fuerant.
1205 2649 1313 2742 Quod
1332 2673 1454 2748 genus
1472 2652 1569 2730 frau-

440 2775 498 2852 dis
517 2797 642 2851 eorum
660 2777 708 2852 ab
728 2776 775 2851 iis
794 2775 1027 2873 potissimum
1049 2777 1120 2852 fuit
1148 2778 1397 2870 observatum,
1428 2778 1493 2876 qui
1522 2777 1570 2854 ad

439 2900 683 2999 irruptionem
710 2901 924 2977 tentandam
945 2902 1133 2998 designati
1152 2924 1280 2979 omnes
1295 2903 1458 3000 undique
1477 2901 1569 2992 vias,

443 3035 482 3105 et
501 3027 624 3105 aditus
642 3028 741 3104 intra
768 3026 896 3104 ruinas
925 3050 1119 3120 murorum,
1149 3029 1350 3106 maioribus
1378 3025 1570 3103 tormentis

441 3155 620 3254 obseptos
651 3153 999 3248 animadverterunt,
1028 3154 1094 3248 ita,
1118 3163 1158 3230 ut
1177 3156 1210 3230 si
1237 3156 1335 3231 forte
1362 3155 1484 3231 nostri
1511 3177 1568 3229 su·

415 3350 419 3356 .
443 3279 587 3378 peratis
605 3279 787 3355 moenium
806 3279 923 3355 ruinis
942 3281 1145 3378 irrumpere
1166 3280 1289 3357 conati
1307 3279 1478 3372 fuissent,
1498 3299 1568 3354 non

441 3399 516 3477 nisi
543 3401 798 3477 funestissima
821 3402 927 3477 clade
957 3402 1214 3479 densissimam
1241 3403 1344 3479 illam
1373 3409 1569 3480 tormento·

441 3545 523 3600 rum
541 3522 677 3598 seriem
696 3523 1048 3621 superaturiforent.
1068 3527 1199 3624 Itaque
1218 3526 1367 3602 Turooe
1386 3526 1507 3623 portis
1526 3547 1569 3600 se

443 3655 688 3748 erumpentes,
723 3650 808 3724 loca
842 3657 1046 3726 castrorum
1079 3661 1289 3728 nostrorum
1316 3650 1460 3748 ingenti
1488 3671 1568 3726 oum

448 3776 594 3854 laetitia
612 3775 801 3868 invadunt,
820 3799 867 3851 ac
875 3776 1031 3876 direptis
1043 3780 1305 3856 commeatibus
1325 3777 1446 3876 quiob
1466 3773 1568 3853 festi-

444 3901 635 3980 nationem
662 3902 716 3976 ibi
743 3901 892 3977 fuerant
920 3903 1051 3996 relicti,
1081 3906 1247 3981 solennia
1265 3904 1432 3980 laetitiae
1460 3903 1570 3998 signa

449 4006 652 4103 ediderunt.
680 4024 936 4104 Praemiserat
955 4027 1134 4106 Hazonus
1162 4029 1285 4104 Bassa
1313 4035 1570 4104 antecursores

436 4137 493 4226 'er
511 4151 590 4228 suis
612 4153 741 4251 copiis,
761 4177 960 4253 eorumque
979 4177 1105 4252 opera,
1135 4155 1308 4252 quidnam
1327 4153 1446 4229 nostri
1465 4152 1564 4228 moli·

406 4361 410 4368 ,
442 4285 581 4369 rentur,
601 4300 829 4375 cognoscere
847 4282 1027 4356 voluerat.
1046 4279 1250 4378 Postquam
1268 4280 1295 4354 ii
1314 4287 1425 4357 noctu
1436 4282 1569 4356 castris

443 4403 823 4502 appropinquassent,
868 4405 994 4480 audito
1039 4381 1299 4504 tympanorum
1336 4405 1460 4482 sonitu
1497 4403 1568 4481 rati

445 4525 731 4626 Trausylvanos
750 4529 899 4605 obviam
918 4529 1160 4606 auxiliaribus
1179 4531 1328 4608 Hazoni
1357 4531 1475 4631 copiis
1487 4553 1567 4630 pro·

444 4653 620 4748 lecturos,
639 4656 771 4753 pedem
791 4677 899 4752 quam
929 4655 1118 4732 celerrime
1146 4657 1322 4747 referunt,
1352 4655 1568 4754 Bassaeque
