3625 5534
482 474 533 550 98
875 493 925 544 ιο.
946 492 1047 543 nucu
1066 493 1216 545 usuovrr

480 671 581 746 ferre
600 675 741 768 posset.
760 667 950 743 Obstabat
968 667 1074 760 enim,
1096 667 1348 766 quominus‘id
1373 669 1601 761 faeeret,uou

482 796 600 871 solum
615 795 701 870 anni
720 803 874 892 tempus,
895 792 993 890 quod
1011 802 1164 892 propter
1192 794 1366 870 assiduos
1391 796 1529 871 imbres
1548 821 1602 871 eo·
1720 835 1721 850 2

485 922 618 1018 gendis
638 921 756 1020 eopiis
785 918 1155 994 incommodissimum
1175 927 1267 1014 erat,
1283 922 1472 996 sedetiam
1491 921 1602 996 inore·

481 1046 606 1122 dibilis
624 1046 768 1131 horror,
788 1046 851 1143 qui
877 1053 992 1122 totum
1012 1046 1211 1144 Imperium
1239 1047 1435 1122 'Fureieum
1463 1049 1604 1122 invase·

479 1184 548 1251 rat.
572 1171 878 1249 inorebresoebat
906 1170 1067 1244 enimin
1097 1169 1176 1244 dies
1206 1171 1327 1266 magis
1346 1178 1459 1267 atque
1478 1172 1603 1264 magis,
1722 1200 1723 1218 ι

479 1301 587 1396 simui
624 1322 669 1373 ae
705 1321 774 1396 per
803 1296 1097 1372 commoditatem
1124 1297 1229 1370 verni
1258 1298 1437 1393 temporis
1465 1295 1601 1386 lioeret,

479 1449 605 1502 omnes
625 1424 783 1520 undique
802 1423 974 1497 nationes
991 1420 1226 1497 Christianus
1246 1423 1408 1498 unanimi
1426 1445 1604 1499 eonsensu
1723 1463 1724 1476 ι

477 1555 515 1627 iu
543 1553 737 1651 profanam
765 1556 913 1647 gentem
942 1550 1226 1641 insurrecturas,
1266 1572 1335 1624 neo
1366 1549 1470 1648 prius
1498 1551 1603 1624 finem

479 1703 587 1758 saoro
606 1678 692 1753 buio
710 1675 810 1750 bello
829 1677 1005 1766 facturas,
1026 1698 1135 1772 quam
1155 1676 1216 1751 vel
1235 1675 1382 1773 penitus
1407 1699 1490 1752 eam
1509 1677 1602 1752 dele-

376 1827 379 1834 ·
477 1806 630 1895 visseut,
650 1805 711 1878 vei
731 1803 863 1876 saitem
881 1802 919 1875 iu
942 1801 1072 1876 Asiam
1091 1803 1318 1877 reieoisseut.

585 1930 670 2003 Nou
689 1929 854 2004 Venetos
873 1927 922 2000 ab
949 1926 1022 2000 boo
1049 1928 1159 2018 bello,
1191 1927 1252 2024 qui
1282 1927 1402 2002 fraoto
1428 1930 1603 2005 aTurois

478 2056 639 2146 foedere,
658 2053 825 2130 iaoessiti
843 2053 1001 2150 perfidia
1019 2053 1187 2145 fuissent,
1206 2076 1280 2128 nou
1303 2053 1508 2151 Hispanos,
1529 2079 1599 2131 uon

477 2182 651 2272 Polonos‚
671 2203 744 2254 nou
762 2179 950 2270 biosebos,
961 2202 1035 2253 uon
1047 2177 1188 2252 Persas
1198 2178 1378 2253 immunes
1389 2179 1470 2253 fore
1482 2205 1490 2272 ;
1503 2183 1602 2255 solos

476 2308 635 2404 Auglos,
654 2314 765 2400 atque
785 2300 921 2377 Gallos
941 2325 1037 2394 esse,
1057 2303 1119 2401 qui
1147 2312 1222 2378 tam
1250 2304 1453 2398 gloriosum
1479 2301 1604 2380 Obris·

475 2434 567 2508 tiani
597 2432 699 2509 orbis
728 2451 948 2504 eonsensum
975 2429 1154 2527 impedire
1192 2437 1422 2504 donarentur.
1460 2429 1604 2522 Quibus

477 2560 709 2636 omuibusita
727 2555 888 2630 Sinauus
900 2556 1185 2652 excoquebatur,
1194 2565 1233 2630 ut
1252 2577 1412 2630 eumuee
1428 2557 1604 2654 progredi

478 2710 520 2762 se
558 2686 607 2760 ad
644 2683 934 2781 compescendos
972 2680 1221 2774 Christianos,
1261 2693 1330 2758 neo
1367 2683 1518 2778 regredi
1559 2685 1606 2758 ad

477 2811 682 2891 Caesarem
700 2833 813 2909 posse
836 2810 990 2898 videret,
1011 2809 1166 2884 mediam
1177 2810 1277 2886 viam
1287 2811 1390 2902 inire,
1410 2833 1478 2884 neo
1499 2812 1603 2909 prius

475 2945 606 3037 eoepto
636 2937 820 3011 absistere
848 2934 1031 3026 statuerit,
1070 2956 1178 3029 quam
1215 2937 1276 3008 vel
1309 2942 1474 3032 optatum
1503 2937 1603 3011 bello

473 3069 580 3141 finem
600 3065 815 3161 imponeret,
834 3061 894 3133 vel
914 3058 1105 3134 honestam
1124 3065 1278 3133 mortem
1308 3067 1512 3157 oppeteret
1533 3063 1606 3136 Ita-

475 3215 556 3289 que,
586 3187 684 3285 quod
711 3209 821 3259 unum
854 3189 1024 3281 poterat,
1063 3183 1218 3259 eousiiio
1247 3169 1320 3257 sibi
1347 3184 1386 3256 in
1413 3187 1604 3281 praesenti

473 3338 550 3391 rem
569 3309 771 3406 gerendam
789 3315 904 3399 ratus,
923 3305 1014 3380 nihil
1034 3327 1158 3381 eorum
1188 3306 1309 3381 animo
1328 3308 1606 3414 intermittebat,

474 3457 714 3537 quaeeunque
734 3435 782 3506 ab
801 3431 1078 3527 sapientissimi,
1104 3430 1340 3527 eiusdemque
1360 3433 1605 3530 experientis·

473 3565 558 3641 simi
577 3553 697 3663 iducis
725 3558 883 3633 offieium
911 3559 1098 3656 pertinere
1126 3558 1351 3633 viderentur.
1389 3559 1530 3635 Nootes
1560 3571 1602 3638 ut

471 3691 666 3792 plurimum
686 3687 746 3760 vel
765 3684 914 3759 lectioni
941 3683 1189 3778 historiarum,
1218 3685 1459 3782 parcissimus
1482 3690 1606 3764 somni

472 3818 570 3909 Dux,
590 3812 837 3911 impendebat,
853 3833 1005 3906 quarum
1016 3811 1249 3910 praescripto
1269 3811 1426 3887 oonsilio
1445 3835 1601 3890 suaom-

471 3944 534 4016 uia
553 3943 789 4039 gubernaret,
818 3937 880 4011 vel
906 3937 1137 4030 meditandis,
1167 3937 1463 4036 quaerendisque
1491 3963 1605 4036 quam

471 4064 779 4143 commodissimis
806 4061 898 4138 belli
926 4063 1079 4157 gerendi
1107 4063 1323 4156 rationibus,
1351 4064 1604 4162 transigebat.

369 4235 374 4242 ·
470 4193 637 4269 Interdiu
655 4214 745 4266 vero
764 4189 871 4263 modo
890 4188 1037 4285 legatos
1057 4189 1104 4264 ad
1128 4189 1414 4265 confoederatas
1433 4213 1605 4289 quasque

470 4318 640 4392 nationes
657 4317 696 4390 iu
715 4313 837 4391 offioio
857 4313 1108 4408 continendas,
1137 4315 1293 4408 mittere,
1313 4313 1421 4391 modo
1441 4312 1606 4393 Caesari

342 4486 346 4493 -
469 4439 629 4516 animum
657 4464 726 4540 per
745 4440 898 4514 nuncios
928 4439 1077 4529 addere,
1108 4461 1287 4536 opemque
1316 4441 1364 4515 ab
1393 4439 1526 4514 eodem
1545 4442 1603 4518 iu·

471 4574 613 4642 stanter
631 4574 771 4664 petere,
790 4589 1048 4663 nonnunquam
1069 4573 1267 4640 veteranos
1287 4585 1454 4663 quosque
1484 4567 1604 4644 duees

468 4692 681 4767 nominatim
701 4692 749 4766 ad
769 4691 1040 4790 expeditionem
1060 4713 1228 4782 evocare,
1256 4713 1370 4789 saepe
1394 4691 1506 4766 etiam
1526 4717 1604 4772 me·
