3625 5534
449 541 498 590 na
518 540 600 590 nnn.
620 540 703 590 vno.
724 539 807 590 nno.
826 497 862 588 a.
883 539 916 588 n.
933 540 981 590 rx.
1227 515 1304 592 219

178 713 306 810 tuique
337 715 511 810 cognovit
548 713 799 789 consuluisse:
836 714 978 811 ingenti
1008 716 1133 790 statim
1166 713 1309 790 laetitia

177 842 363 938 pertusus,
383 841 515 936 gratiis
533 840 616 916 Deo
636 849 693 917 ter
713 839 862 938 Optimo
881 842 1045 916 Maximo
1065 865 1111 917 ex
1131 842 1204 917 imo
1222 865 1307 940 peo-

179 975 261 1042 tore
281 967 375 1044 actis
405 968 683 1068 persequendos
714 966 841 1043 hostes
867 971 1059 1045 exclamat.
1079 968 1308 1044 Dissuasere

179 1115 262 1165 eam
282 1117 358 1169 rem
378 1093 542 1192 Principi
561 1091 772 1192 Stephanus
791 1093 968 1186 Boczkai,
996 1094 1180 1191 Magister
1208 1091 1307 1192 equi-

179 1225 256 1292 turn
274 1202 594 1316 'vigilantissimus
622 1218 736 1309 iuxta,
774 1225 884 1316 atque
921 1219 1122 1296 fidissimus
1150 1220 1306 1316 denique

180 1341 367 1440 Principis
406 1351 596 1439 cognatus,
635 1367 715 1418 cum
753 1343 865 1420 Petro
894 1343 1065 1440 Hoszar',
1101 1346 1305 1422 Francisco

184 1469 311 1569 Nagy‚
341 1477 379 1544 et
396 1469 480 1546 aliis
510 1471 699 1545 veteranis
729 1470 946 1568 quibusdam
976 1472 1164 1572 copiarum
1183 1471 1307 1548 duoto—
1414 1539 1417 1544 1

184 1595 299 1685 ribus,
321 1617 473 1692 quorum
485 1595 652 1672 consiliis
670 1597 919 1696 precibusque
929 1597 1078 1674 tandem
1087 1598 1208 1673 victus
1219 1599 1310 1675 Ter·

184 1721 381 1817 govistum‚
400 1745 446 1796 ne
465 1722 636 1806 hostesa
655 1731 760 1820 tergo
785 1724 1020 1821 relinqueret,
1041 1733 1236 1822 antequam
1256 1726 1309 1800 ul·

185 1847 301 1924 terius
320 1849 619 1947 progrederetur,
640 1874 855 1956 expugnare
876 1851 1015 1927 statuit.
1046 1850 1209 1927 Proinde
1229 1874 1309 1926 com

176 1965 581 2066 'castraBarbarorum,
602 1983 754 2073 propter
764 1975 895 2050 sordes
907 1976 1226 2074 suspicionemque
1246 1999 1308 2052 ve-

183 2097 268 2172 neni
288 2098 447 2195 sapienti
468 2101 621 2175 oonsilio
641 2101 819 2200 Episcopi
845 2099 1061 2178 Cerviensis
1089 2111 1308 2178 ceterorum·

185 2247 256 2320 que
276 2223 503 2322 quorundam
533 2225 739 2302 deserenda
756 2227 966 2319 iudicasset,
999 2227 1187 2303 circumito
1215 2226 1308 2303 'Per-

185 2349 334 2446 govisto
362 2351 522 2426 tentoria
552 2374 573 2425 e
601 2352 755 2448 regione
783 2353 910 2452 oppidi
930 2354 1129 2452 conspicuo
1150 2353 1308 2429 salubri-

186 2498 256 2574 que
276 2475 358 2552 loco
380 2476 427 2551 ad
445 2475 594 2552 fluvium
614 2479 925 2554 Dambroviczam
954 2478 1056 2554 tendi
1082 2478 1200 2554 iussit.
1220 2479 1309 2554 Mox

187 2603 408 2678 demandata
419 2602 499 2677 eius
510 2603 565 2678 rei
576 2627 664 2680 cura
677 2605 757 2679 viro
769 2604 1085 2683 strenqulberto
1095 2605 1308 2704 Kiraltag-

187 2753 306 2829 geres,
329 2729 529 2827 vineasque
542 2731 685 2806 exstrui
696 2732 807 2824 iubet,
827 2739 865 2807 et
881 2732 1003 2808 omnia
1014 2756 1110 2831 quae
1128 2732 1177 2806 ad
1195 2755 1309 2833 oppu-

187 2857 396 2956 gnationem
411 2862 536 2931 tantae
547 2856 758 2931 munitionis
769 2856 1224 2939 neccssariavidebantur,
1243 2881 1308 2956 pa-

187 2984 260 3058 rari
272 2980 431 3056 mandat.
447 2979 590 3072 Quibus
601 2983 713 3058 rebus
723 2967 902 3081 perfectis
922 2983 1049 3060 XVII.
1061 2983 1121 3060 die
1132 2983 1308 3060 Octobris

185 3119 272 3206 toto,
309 3108 500 3183 tormentis
526 3109 565 3182 in
592 3109 811 3184 monitiones
830 3109 1048 3207 Tergovisti
1067 3110 1170 3186 irrito
1189 3111 1309 3185 nostri

187 3244 317 3310 conatu
335 3234 540 3310 fulminare.
562 3234 687 3311 Tanta
706 3237 800 3310 enim
822 3242 903 3311 erat
915 3235 1308 3334 aggerumcrassities,

187 3369 226 3437 nt
243 3359 357 3437 nullis
377 3384 538 3458 unquam
557 3362 738 3437 machinis
758 3362 883 3437 aeneis
902 3363 1109 3460 expugnari
1126 3384 1240 3473 posse
1258 3362 1311 3437 vi·

188 3474 377 3565 darentur.'
410 3487 652 3564 Praefecerat
671 3487 876 3565 eiSinanus
896 3487 959 3563 Ali
972 3488 1132 3565 Bassam
1150 3496 1188 3565 et
1197 3491 1310 3565 Mem·

186 3615 306 3691 hetam
336 3614 492 3711 Begum,
522 3638 661 3712 eosque
688 3623 889 3714 propterea
916 3617 968 3690 ihi
996 3615 1210 3713 reliquerat,
1239 3639 1319 3712 qoo-

187 3743 305 3840 magis
327 3740 476 3816 'Furcas
497 3741 720 3817 authoritate
739 3742 885 3818 illorum
905 3742 943 3817 in
954 3743 1076 3817 officio
1095 3742 1307 3818 contineret.

187 3865 346 3943 Barbari
384 3865 564 3963 siquidem
607 3867 841 3944 adventantis
886 3867 1081 3944 formidine
1126 3865 1310 3964 Principis

188 3993 404 4090 Tergovisti
417 4015 566 4068 manere
577 4003 851 4088 recusaverant,
869 3995 1016 4094 penitus
1035 3991 1252 4077 recusaturi,
1271 3992 1309 4065 ni

186 4129 310 4196 tantae
330 4117 566 4194 authoritatis
586 4119 793 4196 Praefectis
813 4119 999 4196 commissi
1016 4118 1185 4210 fuissent,
1214 4138 1307 4214 quos

186 4267 416 4343 nequaquam
446 4245 483 4319 in
512 4253 615 4321 tanto
642 4247 807 4346 periculo
837 4272 859 4323 a
882 4243 1019 4321 Sinano
1050 4245 1236 4320 desertum
1263 4243 1310 4317 iri

186 4371 431 4473 postulabant.
471 4371 666 4449 Iuraverat
712 4375 806 4466 enim
854 4371 1016 4448 Sinauus
1052 4369 1237 4446 Memheto
1274 4375 1312 4443 et

190 4499 274 4575 Alio
303 4521 344 4574 se
373 4499 471 4573 bona
499 4499 570 4574 fide
598 4508 777 4576 maturam
797 4497 1023 4576 laboraturis
1051 4519 1158 4596 opem
1177 4497 1308 4571 allatu·

190 4649 280 4716 rum,
298 4625 409 4724 idque
429 4648 496 4700 sua
514 4625 782 4702 intercessione
801 4626 900 4726 apud
917 4621 1118 4724 Caesarem
1137 4620 1224 4698 Alio
1243 4619 1307 4694 im-

188 4759 425 4850 patraturum,
448 4752 541 4827 utin
562 4753 742 4852 pristinae
761 4752 963 4852 dignitatis,
992 4745 1066 4850 qua
1091 4749 1204 4850 paulo
1223 4752 1310 4826 ante
