3625 5534
450 382 502 459 56
616 432 619 438 ,
846 404 897 455 10.
918 403 1019 456 onon
1037 403 1186 456 nnuovn

448 606 570 661 rerum
591 588 746 657 conatus
765 586 1023 672 remoraretur,
1044 579 1192 655 sublato
1204 604 1284 656 oum
1294 581 1412 679 stirpe
1432 583 1590 658 aemulo

448 711 514 785 illo
551 709 678 804 regni,
716 705 1068 804 Transylvaniaque
1095 705 1134 779 in
1162 730 1244 781 eum
1260 714 1395 784 statum
1412 710 1591 802 reducta,

449 844 490 912 ut
507 858 581 912 una
600 853 681 907 eum
701 829 875 928 Principe
895 853 972 922 suo,
994 831 1055 927 qui
1084 832 1242 906 tuendae
1262 832 1454 930 dignitatis
1487 860 1587 912 suae

451 961 545 1037 alies
563 959 637 1033 iem
655 955 840 1050 rationes,
878 981 901 1031 a
920 955 1122 1032 maioribus
1141 980 1272 1054 nempe
1292 959 1370 1034 suis
1389 970 1591 1060 aooeptas,

451 1085 664 1186 propositus
683 1084 757 1158 sibi
774 1083 923 1174 habeat,
944 1089 1119 1178 qnantum
1138 1083 1325 1159 eommodo
1355 1107 1421 1160 suo
1446 1090 1592 1185 possit,

450 1215 581 1288 favere
600 1212 713 1286 rebus
733 1207 1027 1284 Christianorum
1056 1209 1180 1283 multis
1199 1210 1405 1286 nominibus
1426 1211 1584 1289 debeat.

453 1339 532 1417 Res
551 1358 696 1435 qnoque
714 1357 820 1428 nune,
858 1337 899 1409 et'
922 1357 1038 1409 eausa
1066 1335 1154 1408 belli
1183 1335 1332 1410 diversa
1360 1344 1418 1412 est
1444 1340 1497 1413 ab
1530 1363 1592 1432 es,

454 1488 550 1564 quae
568 1471 656 1537 tuno
671 1462 750 1554 fuit,
770 1484 850 1536 eum
870 1469 907 1558 et
935 1461 1105 1552 Ioannes,
1126 1467 1163 1534 et
1181 1460 1261 1536 eius
1281 1462 1388 1554 filius,
1407 1463 1453 1537 de
1472 1465 1593 1562 regni

453 1590 713 1689 possessione,
724 1586 840 1664 adiuti
858 1586 1065 1662 Turenrnm
1093 1588 1221 1682 armis,
1260 1609 1340 1663 oum
1368 1588 1592 1667 Austriaeis

454 1715 690 1816 Principibus
709 1713 981 1789 contenderent.
1001 1713 1085 1787 Hoe
1103 1721 1269 1820 tempore
1289 1713 1460 1813 Vngaria
1491 1718 1591 1796 iuris

455 1845 562 1921 unius
580 1845 690 1933 laets,
710 1841 883 1932 Turoam,
901 1846 941 1914 ut
960 1840 1160 1914 violentum
1180 1841 1238 1916 sui
1256 1851 1529 1940 usurpatorem,
1553 1854 1593 1922 et

455 1973 592 2068 legum,
608 1973 645 2043 et
664 1964 861 2054 libertatis,
881 1972 920 2038 et
937 1964 1129 2061 religionis
1159 1987 1249 2040 suae
1273 1966 1416 2042 hostem
1446 1993 1591 2070 agnos·

457 2098 517 2190 eit,
537 2116 691 2194 sumque
709 2092 798 2170 totis
817 2092 960 2166 viribus
978 2091 1207 2188 repelleres
1234 2114 1276 2167 se
1296 2101 1459 2170 sonetur.
1500 2096 1593 2189 Qus

456 2224 555 2297 inre
573 2229 760 2315 tamquam
780 2215 991 2304 diiudicata,
1011 2215 1085 2289 iam
1104 2239 1218 2292 oense
1236 2218 1365 2295 nititur
1383 2221 1591 2318 aequitate,

458 2372 503 2424 ao
522 2346 596 2421 Dei
614 2345 725 2419 etiam
752 2344 870 2441 ipsius
900 2364 1138 2434 eonsensum,
1176 2344 1279 2418 ouius
1307 2345 1486 2444 imprimis
1517 2355 1596 2446 est,

457 2475 517 2549 ins
536 2496 582 2548 ex
601 2494 721 2566 aequo
741 2469 909 2545 omnibns
928 2468 1096 2562 reddere,
1116 2489 1188 2542 non
1216 2477 1322 2566 putat
1348 2471 1422 2546 sibi
1440 2471 1591 2548 defutu-

458 2623 548 2675 rum.
567 2598 725 2672 Multum
744 2595 856 2670 etiam
874 2594 1030 2668 interest
1048 2594 1143 2669 inter
1171 2594 1257 2669 illos
1276 2602 1423 2672 veteres
1442 2592 1591 2674 (laese-

459 2747 532 2818 res,
552 2732 589 2798 et
608 2722 714 2817 hune,
735 2721 852 2820 quiin
871 2719 1087 2818 praesentia
1105 2720 1203 2819 apud
1214 2719 1359 2796 Turnus
1378 2745 1501 2798 rerum
1521 2748 1590 2823 po-

459 2852 557 2943 titur,
596 2872 689 2941 eum,
728 2871 865 2944 exque
885 2845 1077 2942 imperium
1105 2853 1163 2920 est
1190 2845 1364 2942 adeptus,
1404 2858 1591 2946 perpetuo

459 2980 558 3054 intra
575 2976 742 3074 privatos
760 2972 927 3070 parietes
948 2970 1144 3062 delituerit,
1174 2970 1339 3069 ipsorum
1359 2972 1470 3048 etiam
1490 2973 1587 3050 Tur·

460 3128 588 3181 earnm
605 3102 722 3176 tacita
758 3099 916 3197 quadem
953 3098 1186 3174 confessione
1217 3099 1265 3171 ad
1292 3099 1436 3196 imperii
1455 3119 1589 3176 eorum

461 3230 614 3322 ruinam,
632 3225 905 3327 perniciemque
924 3231 1043 3298 netus.
1083 3224 1200 3298 Moris
1227 3223 1297 3298 fuit
1315 3233 1425 3299 antee
1445 3225 1592 3303 Turon-

461 3379 542 3432 rnm
561 3351 853 3452 Imperatoribus
882 3349 1382 3448 expeditionibusinteresse,
1402 3352 1494 3427 belli
1522 3379 1590 3452 ps·

461 3482 589 3577 eisque
606 3477 729 3553 munia
747 3478 842 3551 bene
859 3476 1085 3552 merentibus
1105 3475 1261 3572 deferre,
1281 3486 1452 3554 strenuos
1479 3505 1590 3577 prae·

461 3606 556 3698 miis,
573 3606 732 3702 ignavos
750 3602 881 3701 poenis
900 3602 1069 3695 efficere,
1108 3603 1251 3680 onsiliis
1263 3627 1333 3680 usu
1351 3627 1474 3680 rerum
1492 3605 1592 3704 peri-

498 3739 559 3806 tos
588 3728 873 3821 edhibr1·e,ueri
891 3729 983 3819 iura,
1004 3727 1238 3826 diseiplinnm
1255 3731 1434 3828 imprimis
1453 3731 1590 3806 milite·

461 3881 540 3934 rem
558 3857 597 3931 in
615 3878 756 3932 summo
779 3855 898 3954 pretio
918 3853 1069 3945 hebere,
1089 3853 1163 3927 vim
1183 3857 1230 3930 ab
1250 3857 1427 3949 omnibns,
1455 3857 1591 3932 edistis

462 3982 696 4080 gravissimis
717 3980 927 4080 prohibere.

569 4108 678 4184 Nune
697 4106 785 4207 qnid
803 4103 871 4183 iit?
888 4105 990 4181 bella
1008 4129 1076 4203 per
1096 4106 1241 4203 legatos
1261 4117 1449 4204 geruntur,
1469 4109 1590 4185 sordi-

463 4235 569 4311 didos
587 4234 764 4320 homines,
794 4232 977 4308 vilissime
1005 4233 1139 4330 eapite,
1179 4255 1331 4330 quorum
1360 4235 1421 4310 vel
1439 4237 1591 4311 temeri·

462 4370 550 4453 tate,
570 4361 631 4435 vel
651 4359 821 4450 avaritia,
840 4360 901 4434 vel
920 4349 1125 4458 imperandi
1143 4360 1301 4452 inscitia,
1331 4383 1479 4436 errores
1507 4385 1590 4437 see-

461 4507 661 4586 penumero
680 4485 894 4583 gravissimi
921 4485 1202 4575 committuntur,
1234 4485 1344 4560 sicuti
1363 4492 1400 4560 et
1421 4485 1590 4562 inbellis

463 4612 540 4689 illis
557 4610 722 4686 Persicis
741 4611 907 4706 primum,
927 4615 964 4685 et
982 4609 1020 4684 in
1039 4609 1238 4705 Vngarieis
1257 4611 1340 4685 istis
1350 4632 1419 4686 usu
1427 4611 1589 4704 venisse,
