3625 5534
641 501 835 572 renonum.
1141 501 1302 570 XXXVII

207 691 421 789 pervenerint.
453 687 591 766 Verum
610 688 795 764 enimvero
823 697 961 785 quanto
991 708 1131 785 quaeso
1162 687 1297 763 Home-

205 840 266 892 rum
282 817 424 914 Moyses
443 821 481 890 et
505 813 774 913 Prophetarum
803 813 971 912 plerique
999 811 1110 888 etiam
1129 818 1296 911 tempore

203 941 482 1018 anteeesserumt?
501 941 552 1016 Et
570 953 693 1016 mmen
711 941 839 1017 horum
866 939 1007 1039 scripta
1034 939 1160 1016 multis
1177 939 1297 1037 iisque

203 1069 405 1166 gravissimis
423 1069 632 1168 proverbiis
651 1068 793 1167 passim
823 1070 963 1144 referta
989 1087 1074 1144 esse
1103 1089 1210 1142 nemo
1237 1090 1299 1143 oe-

204 1219 276 1292 pore
292 1204 419 1297 potest.

288 1324 342 1399 De
363 1321 560 1400 Salomone
590 1321 734 1420 quidem
762 1322 976 1399 nominatim
1003 1323 1173 1415 retertur,
1201 1323 1299 1420 quod

200 1449 256 1526 tria
272 1449 380 1526 millia
389 1450 652 1549 parabolarum
661 1449 781 1524 literis
790 1450 1030 1526 mandaverit.
1051 1450 1217 1526 Etentat
1234 1451 1298 1528 ho·

199 1575 244 1651 die
260 1597 396 1675 quoque
415 1574 510 1652 liber
529 1576 813 1652 Proverbiorum
832 1574 1041 1652 Salomonis
1064 1576 1177 1674 longe
1208 1576 1298 1652 divi·
1419 1609 1424 1618 ·

198 1702 347 1779 metimus
365 1709 478 1801 atque
496 1701 725 1779 utilissimus.
748 1701 801 1778 Vt
813 1702 887 1780 iam
916 1701 963 1778 de
991 1701 1225 1778 sanctissimo
1243 1701 1298 1802 ip-

197 1829 258 1904 sius
273 1837 377 1929 patre
396 1827 541 1906 Davide
559 1829 652 1904 nihil
670 1829 872 1928 loquamur,
892 1827 956 1928 qui
964 1828 1195 1905 Psalmorum
1215 1851 1297 1905 suo·

197 1977 258 2030 mm
283 1957 480 2055 plerosque
504 1956 794 2053 elegantissimis
822 1956 969 2054 adagiis
996 1954 1195 2046 illustrare,
1223 1956 1297 2032 dio·

197 2091 280 2158 tante
296 2080 437 2183 Spiritu
454 2081 602 2176 Sancto,
622 2107 853 2182 nequaquam
872 2083 1028 2160 erubuit.
1044 2079 1119 2158 Sed
1127 2082 1215 2181 quid
1224 2106 1296 2180 ego

195 2207 345 2304 Daddis,
356 2207 577 2302 Salomonis,
598 2211 825 2309 aliorumque
845 2209 1113 2308 Prophetarum
1131 2209 1292 2284 authori·

195 2341 290 2411 tatem
309 2338 435 2425 aliero,
466 2359 547 2413 oum
576 2337 687 2413 etiam
704 2336 787 2436 ipse
817 2335 1086 2436 Prophetarum
1114 2333 1295 2413 Dominus

195 2459 347 2539 Saloator
365 2470 493 2541 moster
510 2462 747 2561 peculiariter
764 2464 836 2539 hoe
859 2461 1041 2538 sermonis
1068 2483 1206 2556 genere
1234 2459 1296 2538 de

194 2589 330 2666 laetatus
347 2589 470 2683 fuerit,
487 2588 657 2688 idemque
676 2587 858 2689 Apostoh‚
878 2612 924 2665 ao
951 2611 1076 2664 eorum
1104 2609 1293 2665 suceesso-

194 2737 251 2808 res,
266 2713 468 2792 doetissimi
485 2714 621 2815 quique
639 2714 771 2792 Patres
792 2716 830 2792 in
848 2716 927 2792 suis
955 2714 1199 2790 monumentis
1217 2737 1297 2792 seo·

100 2851 101 2858 '
196 2841 248 2918 tati
263 2842 423 2920 luerint?
552 2935 554 2940 ι

280 2966 487 3047 Proverbia
514 2992 607 3045 sane
635 2969 815 3066 originem
845 2967 1112 3068 quodammodo
1141 2967 1295 3046 ooelitus

195 3090 322 3172 trabere
341 3096 403 3170 vel
422 3119 468 3171 ex
487 3117 531 3170 eo
549 3103 663 3195 patet,
682 3094 781 3192 quod
799 3117 866 3195 pro
884 3095 1026 3172 foribus
1037 3095 1124 3173 olim
1142 3097 1295 3192 templo·
1343 3174 1347 3180 ,

194 3241 256 3294 rom
271 3221 576 3313 insoribebantum‚
604 3221 826 3320 passimque,
855 3228 938 3296 uta
964 3220 1131 3319 pluribus
1158 3221 1296 3298 odisee

194 3353 309 3438 rentur,
328 3347 511 3424 oolumnis
530 3352 575 3424 a'o
593 3347 836 3424 marmoribus
851 3345 1166 3446 imsoulpebaotur.
1187 3346 1295 3425 Vnde

193 3479 222 3546 et
236 3471 419 3552 luvenalis
439 3473 584 3558 eooelo,
604 3473 731 3573 inquit
750 3473 958 3551 deseendit:
979 3477 1096 3563 Γνώςι
1111 3471 1295 3549 quamdo:

192 3595 250 3676 hoe
274 3609 348 3677 est:
370 3601 495 3678 blosoe
513 3607 550 3678 te
567 3601 699 3700 ipsum.

282 3725 388 3820 Quod
406 3728 440 3803 si
458 3727 519 3804 his
537 3749 611 3806 mou
630 3727 800 3819 eontenti‚
814 3724 1067 3824 antiquitatem
1078 3735 1295 3826 atquesum·

192 3873 271 3927 mam
288 3854 567 3952 proverbiorum
586 3853 803 3949 dignitatem
821 3852 977 3928 ulterius
1000 3852 1158 3929 velimus
1186 3873 1294 3948 urge-

192 4001 240 4052 re:
267 3979 433 4077 equidem
460 4003 534 4058 non
562 3980 758 4057 dittioulter
794 4002 876 4055 eam
903 3981 965 4056 vel
991 4002 1039 4056 ex
1065 4001 1110 4055 eo
1138 3977 1294 4071 eutero,

190 4105 273 4200 quod
288 4108 419 4183 summi
438 4107 573 4206 quique
591 4108 661 4183 viri
669 4128 751 4202 ⁸mon
769 4107 925 4202 indigna
943 4105 1178 4195 eaduuerint,
1198 4126 1293 4202 quae

191 4233 433 4310 eruditissimis
458 4235 562 4310 iuxta
598 4241 708 4332 atque
744 4231 1019 4332 operosissimis
1047 4229 1294 4306 voluminibus

191 4357 228 4431 od
254 4359 506 4458 posteritatem
543 4367 804 4459 propagarent.
843 4356 1033 4456 Siquidem
1070 4355 1294 4434 Aristoteles

103 4547 104 4586 r
192 4477 481 4584 Philosophorum
510 4486 665 4561 ommium
693 4485 890 4583 Prinoeps‚
919 4490 1016 4559 teste
1044 4483 1214 4577 Lamtio,
1242 4484 1294 4559 in·

103 4595 104 4614 ¹
191 4613 317 4706 tegrom
337 4607 384 4686 de
403 4607 608 4690 Paroemiis
625 4614 796 4690 volumen
822 4619 908 4718 post
926 4632 969 4687 se
994 4610 1205 4718 relinquere
1222 4633 1294 4696 nou
