3625 5534
524 540 573 590 na
586 539 667 590 nnn.
686 538 769 590 1010.
788 537 871 589 nnc.
891 537 939 594 111.
958 537 991 588 n.
1011 537 1048 588 11.
1264 510 1343 589 313

230 716 421 815 suppetias
440 714 693 792 laborantibus
715 723 768 790 'ex
786 713 986 812 improviso
1015 719 1222 811 apportent.
1254 709 1344 787 Our-

227 865 292 918 rus
311 843 435 917 itidem
464 843 667 942 adportas
695 843 733 917 in
758 863 886 940 campo
905 840 1106 915 consistent
1134 862 1213 913 cum
1242 839 1342 935 equi-

226 976 316 1064 tatu
334 992 402 1044 nec
420 968 505 1043 inde
524 990 711 1067 quoquam
730 967 823 1044 citra
840 965 1050 1042 mandatum
1069 965 1253 1041 recedent.

707 1235 884 1245 -.—-—-⁶

560 1504 740 1585 oAPvT
767 1507 1021 1586 TERTIVM.

603 1689 660 1760 De
684 1700 791 1786 capto
809 1689 975 1763 lacrimo.

338 1867 428 1944 Acie
441 1871 478 1944 in
496 1870 592 1945 hunc
609 1868 754 1945 modum
773 1875 961 1944 exstructa
972 1870 1205 1946 severissime
1217 1868 1349 1946 Comes

230 1995 627 2093 Schwarzenburgicus
645 1994 714 2070 toti
732 1995 910 2069 exercitui
921 1997 1119 2090 committit,
1138 2005 1177 2072 ut
1196 1997 1349 2072 simulac

231 2125 359 2224 copiae
379 2123 417 2196 in
436 2122 652 2199 Totensium
672 2145 763 2218 agro
793 2124 1039 2214 convenerint,
1061 2147 1164 2199 sunm
1193 2124 1347 2221 quisque

155 2325 160 2334 ,
233 2252 395 2327 ordinem
416 2251 488 2325 sibi
507 2250 773 2349 praescriptum
793 2255 950 2342 tueatur,
969 2274 1037 2326 nec
1055 2261 1139 2328 ante
1157 2251 1346 2326 vintoniam

230 2378 379 2476 praedis
398 2376 587 2476 rapiendis
607 2377 675 2452 sub
696 2375 1002 2474 praesentissimo
1022 2378 1157 2476 capitis
1185 2379 1347 2477 periculo

230 2506 354 2583 inhiet.
374 2505 516 2597 Quibus
535 2504 780 2604 promulgatis
797 2507 869 2579 iter
888 2505 1080 2580 confestim
1100 2507 1208 2582 lactis
1227 2508 1347 2605 auspi-

231 2635 298 2708 ciis
317 2634 452 2724 ineunt‚
471 2640 509 2707 et
527 2632 575 2707 ad
593 2629 740 2707 fluvium
760 2629 1150 2730 Sooolsaperveninnt.
1172 2633 1229 2707 Eo
1248 2634 1347 2710 navi·

231 2762 312 2852 bus,
341 2760 423 2835 loco
442 2758 566 2858 pontis
594 2765 712 2834 strato
732 2756 859 2858 copias
877 2759 1083 2852 traducunt,
1114 2767 1151 2835 et
1168 2761 1261 2836 hora
1280 2763 1349 2835 cir·

230 2887 321 2962 citer
349 2911 447 2962 nona
483 2906 591 2961 serae
628 2887 701 2962 iam
728 2887 870 2980 noctis,
908 2887 1019 2963 alium
1046 2887 1172 2964 itidem
1200 2888 1346 2964 fluvium

230 3021 431 3108 transeunt,
448 3013 574 3109 ibique
593 3019 737 3088 noctem
752 3001 961 3089 traducunt.
990 3007 1165 3113 Sequenti
1193 3015 1261 3108 die
1282 3015 1346 3114 qui

231 3137 417 3215 XXVIII.
437 3138 575 3214 mensis
593 3138 720 3215 Martii
738 3139 817 3233 fuit,
837 3161 976 3215 summo
994 3163 1101 3216 mane
1120 3140 1265 3215 circiter
1283 3141 1347 3215 ho-

230 3290 310 3343 ram
328 3274 470 3341 sextam
489 3265 537 3341 ad
555 3264 711 3342 milliare
729 3267 923 3366 progressi
942 3265 990 3340 ad
1019 3266 1185 3342 dextram
1205 3290 1246 3343 11
1265 3291 1346 3344 con·

230 3399 377 3469 vertunt
403 3391 632 3469 Nemetinum
653 3415 795 3487 versus,
815 3400 851 3469 et
869 3393 906 3468 in
925 3392 1061 3469 vallem
1080 3394 1347 3472 descendentes

230 3542 312 3596 eam
330 3525 444 3596 totam
456 3517 786 3616 diemadqnartam
804 3541 922 3618 usque
940 3520 1069 3597 horam
1088 3524 1347 3620 vespertinam,

230 3669 340 3744 qnam
358 3647 477 3744 potuit
494 3644 740 3722 occultissime
759 3647 978 3744 transigunt.
998 3647 1093 3724 Tum
1113 3649 1258 3724 tandem
1278 3647 1346 3725 Co-

230 3795 310 3849 mes
330 3770 730 3870 Schwarzenburgicus
758 3775 969 3873 praefectos
989 3775 1213 3872 singularum
1234 3777 1332 3852 natio

229 3923 315 3976 nnm
334 3900 379 3976 ad
391 3924 432 3975 se
441 3901 567 3977 venire
577 3901 688 3997 iubet,
699 3901 848 3999 illisque
857 3900 1084 4002 propositum
1096 3925 1197 3977 sunm
1217 3905 1346 4002 aperit,

230 4051 485 4126 mappamqne,
496 4028 535 4101 in
546 4052 618 4126 qua
628 4030 724 4104 situs
743 4029 881 4105 Iaurini
892 4030 939 4104 ad
950 4029 1122 4105 amussim
1143 4029 1346 4106 delineatns

228 4155 412 4246 exstabat,
440 4154 722 4252 diligentissime
752 4154 988 4248 demonstrat,
1009 4160 1046 4230 11
1066 4179 1171 4253 quem
1191 4157 1346 4255 quisque

228 4283 348 4357 locum
368 4302 547 4380 occupare
557 4281 723 4380 tuerique
734 4281 875 4370 debeat,
887 4303 1017 4355 severe
1029 4282 1083 4356 eis
1093 4281 1262 4357 inculcat.
1273 4281 1344 4358 His

229 4406 435 4483 commissis
453 4405 524 4482 iter
542 4409 677 4502 ineunt,
692 4417 730 4484 et
739 4405 899 4484 secunda
910 4406 1027 4483 noctis
1046 4407 1185 4484 horain
1197 4432 1277 4484 eum
1295 4409 1346 4486 lo-

230 4533 550 4632 oumperveninnt‚
568 4533 631 4608 ubi
641 4535 806 4633 proximo
820 4555 915 4609 anno
927 4541 1051 4608 castra
1061 4534 1180 4630 posita
1189 4533 1344 4611 fuerant.

229 4660 290 4736 Ibi
308 4668 385 4735 toto
405 4660 568 4736 exercitu
582 4684 637 4755 ea,
657 4684 765 4760 qnam
783 4684 896 4759 supra
905 4661 1175 4760 descripsimus,
1194 4661 1345 4756 ratione,
1475 4757 1478 4764 Ι

228 4785 426 4878 instructo,
456 4784 671 4886 comiteque
716 4783 1113 4884 Schwarzenburgico,
1153 4810 1231 4861 cnm
1268 4789 1347 4865 suis
