3625 5534
476 494 552 570 140
879 521 928 570 10.
950 519 1052 571 onon
1071 523 1222 574 nsnovn

474 702 567 771 rent.
609 697 670 770 Illi
688 695 802 791 igitur
831 697 904 771 rati
944 692 1182 772 Christianos
1209 697 1379 794 protinus
1407 696 1445 770 in
1474 704 1603 771 csstrn

476 821 604 897 Sinoni
623 828 808 912 venturos,
842 843 920 895 rem
950 821 995 914 ei,
1023 829 1064 896 ut
1091 829 1201 918 gesta
1227 823 1306 916 tuit,
1326 829 1526 922 exponunt,
1543 844 1603 896 se·

473 972 545 1046 que
573 948 675 1023 solos
701 970 747 1022 ex
776 948 874 1022 omni
892 969 1044 1022 numero
1073 947 1201 1024 saluos
1223 950 1395 1024 evasisse
1411 947 1604 1039 nunciant,

474 1082 511 1148 et
527 1079 568 1147 ut
588 1073 782 1148 confestim
802 1071 905 1147 illinc
933 1071 1112 1164 discedot,
1141 1081 1303 1149 monent.
1346 1073 1418 1150 Ille
1436 1073 1603 1164 territus,

473 1223 553 1274 oum
572 1199 645 1275 inm
665 1224 738 1276 non
757 1199 916 1299 amplius
950 1223 1059 1296 qnam
1089 1199 1260 1293 triduum,
1282 1199 1331 1292 ¹⁰)
1351 1199 1500 1276 obsessi
1525 1201 1603 1274 vim
1702 1188 1706 1200 ’

473 1327 633 1401 hostiurn
652 1327 763 1403 laturi
783 1327 1006 1416 viderentur,
1037 1327 1204 1425 explosis
1233 1329 1271 1402 in
1300 1349 1424 1402 srcern
1442 1335 1603 1403 tormen-

471 1452 522 1526 tis
540 1452 722 1544 omnibus,
761 1452 1080 1550 concrematisqne
1108 1450 1158 1544 ¹¹)
1186 1453 1290 1529 vasis
1317 1452 1393 1529 iter
1418 1454 1534 1550 fugae
1553 1452 1603 1528 si·

474 1577 560 1653 mile
579 1578 736 1675 arripuit
767 1575 821 1675 ¹²).
850 1579 894 1655 Id
914 1579 976 1654 ubi
997 1579 1147 1654 obsessi
1180 1579 1293 1655 certis
1315 1579 1537 1676 quibusdam
1555 1601 1604 1653 ex

474 1704 592 1800 signis
617 1706 976 1796 animadvertissent,
1014 1706 1086 1782 ruti
1115 1705 1214 1803 qnod
1252 1728 1313 1782 res
1342 1713 1434 1795 erat,
1471 1702 1604 1782 hostes

474 1837 572 1905 metu
591 1837 799 1906 nostrornm
819 1831 1023 1923 discedere,
1042 1831 1163 1928 portis
1183 1854 1225 1906 se
1254 1837 1459 1929 erumpunt,
1487 1831 1602 1928 impc-

475 1955 720 2053 dimentisque
748 1957 873 2032 multis
902 1952 947 2054 ¹³)
976 1957 1014 2031 in
1042 1980 1167 2032 arcem
1196 1955 1381 2050 deductis,
1410 1957 1602 2031 Barbaros

474 2083 723 2178 insequuntur.
764 2081 848 2174 Qua
875 2105 917 2158 re
944 2083 982 2157 in
1010 2079 1315 2157 Christianorum
1347 2081 1484 2157 castris
1512 2103 1602 2158 nun·

473 2207 573 2284 cista
601 2203 655 2306 ¹⁴),
694 2209 863 2305 quamvis
900 2232 947 2283 ea
984 2229 1133 2284 snorum
1173 2207 1329 2284 victoris
1368 2203 1418 2298 ¹⁵)
1438 2205 1603 2282 contenti

474 2333 665 2409 audaciam
702 2335 740 2409 in
777 2356 842 2409 eos
879 2334 1107 2432 irrumpendi
1153 2355 1400 2431 nequaquan
1423 2330 1603 2408 hoctenns

473 2458 711 2534 habuissent:
731 2467 854 2535 tamen
875 2484 921 2535 ea
940 2461 1137 2536 occasione
1159 2459 1336 2534 divinitus
1355 2459 1483 2533 obluta
1497 2465 1601 2532 nten-

473 2583 557 2659 dum
586 2585 668 2674 ruti,
706 2587 868 2684 totisque
889 2588 1032 2665 viribus
1062 2586 1180 2676 effusi,
1200 2586 1396 2660 Barbaros
1413 2583 1602 2678 fugientes

474 2712 726 2808 insequuntur,
756 2721 892 2788 etcum
918 2711 1294 2801 Oomsromiensibns
1323 2707 1396 2785 Dei
1421 2709 1602 2784 beneficio

475 2837 548 2912 iam
578 2833 627 2928 ¹⁶)
646 2837 829 2931 liberatis,
848 2840 1034 2917 coniuncti
1053 2862 1126 2915 non
1143 2837 1322 2935 exiguam
1353 2857 1480 2912 eorum
1507 2841 1604 2910 stru·

477 2986 561 3059 gem
580 2962 701 3040 edunt.
722 2965 821 3056 Mox,
843 2989 922 3042 curn
943 2966 1016 3042 iarn
1034 2973 1180 3062 tempus
1207 2964 1255 3038 ad
1273 2985 1336 3037 res
1355 2960 1542 3058 gerendas
1550 2961 1604 3036 in·

476 3091 702 3167 commodum
721 3092 923 3189 ingrueret,
953 3090 1116 3168 contenti
1142 3090 1215 3165 buc
1240 3089 1279 3162 in
1311 3087 1526 3186 praesentis
1558 3081 1603 3182 Π)

480 3217 647 3310 victoria,
685 3217 813 3292 tristes
841 3219 964 3316 magis
993 3220 1041 3292 ob
1061 3217 1238 3293 amissum
1267 3213 1464 3304 laurinum,
1493 3234 1603 3311 qunm

480 3343 570 3417 laeti
589 3344 835 3420 observatum
856 3342 1056 3420 Oomnrnm
1091 3337 1134 3441 ¹⁸)
1163 3367 1208 3417 ao
1225 3337 1602 3439 pnisosindebostes,

476 3467 620 3542 domurn
639 3490 682 3543 se
703 3468 857 3565 quisque
885 3475 1116 3568 receperunt.

926 3731 1142 3744 ——u--ae-

584 3969 614 4037 ''')
629 3969 671 4024 An
696 3987 748 4038 noy.
773 3970 827 4023 coi.
854 3963 1003 4023 hioussn?
1024 3983 1088 4023 cnm
1119 3965 1309 4031 nundinius,
1327 3961 1461 4018 fereisnn
1481 3961 1603 4018 obsessi.

587 4060 615 4124 ¹¹)
629 4062 695 4114 Kos.
711 4080 717 4114 ε
733 4060 982 4130 continuatisque

588 4147 618 4219 ¹¹²)
635 4152 719 4204 iton:
751 4151 830 4207 vasis
862 4153 894 4206 ot
906 4149 1122 4219 impedimentis
1145 4147 1205 4202 fere
1230 4144 1364 4200 omnibus
1388 4141 1460 4198 inibi
1483 4141 1603 4204 relictis,

482 4237 579 4308 iugum
592 4241 723 4312 arripnit.
740 4241 802 4310 Eyb·
819 4245 873 4294 cod.
889 4257 898 4286 ··
916 4237 1060 4310 arripiunt

590 4329 620 4380 ΙΔΙ1
636 4331 698 4384 Kos.
713 4328 793 4384 :fers
808 4330 941 4384 omuibus

588 4419 722 4488 '⁴)Kov.··
742 4417 914 4474 renunciata
993 4487 997 4496 Ι

589 4509 620 4578 ¹⁵)
632 4510 696 4564 Kos.
712 4530 720 4560 .·
739 4527 792 4564 sus
814 4525 912 4564 norrun

589 4599 617 4662 ¹⁸)
634 4601 718 4652 Kou:
738 4601 794 4655 ism
809 4599 863 4654 Dei
887 4597 1030 4656 beneficio

587 4689 619 4756 '')
636 4691 721 4742 Kou:
741 4692 768 4744 in
785 4691 1012 4759 praesentiarum

581 4781 611 4846 μ)
628 4781 691 4836 Kou.
708 4799 712 4831 :
729 4781 769 4836 (iu
781 4781 946 4850 ruuromiurn,
