3625 5534
505 500 556 580 52
896 525 945 578 10.
967 524 1067 575 nucu
1086 525 1235 576 nnnovn

503 722 632 774 uncum
653 698 726 774 iam
744 699 908 794 naribus,
928 707 967 775 ut
987 706 1044 773 est
1072 699 1171 797 apud
1209 698 1370 774 divinum
1408 707 1545 792 vatem,
1572 720 1626 773 su·

400 807 1627 922 'mmmmmmmwffl

502 951 690 1049 tyrannidi
708 952 852 1026 modum
871 952 1046 1048 imponat,
1067 951 1150 1048 quis
1170 950 1249 1044 erit,
1278 951 1339 1047 qui
1361 951 1481 1026 Dcum
1510 952 1627 1049 ipsum

503 1076 632 1150 lucem
650 1099 723 1150 non
742 1077 949 1173 sequatur?
969 1072 1038 1150 Oui
1058 1084 1181 1151 autem
1213 1075 1362 1152 dubium
1386 1099 1471 1152 esse
1492 1083 1625 1173 potest,

502 1202 585 1277 Deo
604 1203 699 1276 haec
718 1210 868 1278 auctore
887 1200 997 1278 fieri?
1014 1201 1047 1276 is
1067 1209 1167 1277 certe
1197 1210 1266 1296 est,
1297 1205 1360 1298 qui
1392 1204 1454 1278 dat
1472 1203 1626 1298 regibus

502 1327 670 1420 salutem,
697 1328 730 1402 is
759 1328 814 1402 eis
842 1327 1018 1403 victorias
1047 1327 1229 1420 conciliat,
1267 1329 1377 1421 bella,
1416 1329 1536 1425 inquit
1554 1329 1626 1418 ille,

501 1454 627 1549 placat
644 1454 694 1528 ad
711 1455 860 1529 ultimas
888 1476 1006 1550 usque
1035 1462 1176 1547 terras,
1205 1454 1407 1552 perfringit
1426 1477 1548 1549 arcus,
1569 1454 1626 1528 de·

501 1586 649 1654 truncat
676 1578 817 1660 hastas,
845 1602 975 1655 currus
995 1579 1073 1674 igni
1101 1588 1250 1654 cremat.
1461 1573 1466 1584 '

608 1704 692 1780 Hoc
710 1728 791 1780 cum
810 1705 905 1779 alias
925 1727 1081 1801 semper,
1101 1711 1177 1779 tum
1198 1727 1244 1778 ex
1263 1704 1430 1804 proximo
1449 1704 1526 1796 illo,
1547 1726 1625 1777 cum

500 1833 624 1907 Bassa
641 1831 825 1906 Boanensi
841 1831 995 1929 praelio,
1032 1831 1084 1905 ita
1111 1830 1273 1930 perspici
1300 1839 1440 1929 posset,
1477 1837 1518 1905 ut
1546 1853 1625 1904 cum

502 1957 688 2033 exercitus
707 1955 1013 2050 Christianorum,
1035 1962 1072 2030 et
1091 1957 1248 2053 exiguus
1267 1979 1417 2032 numero
1438 1955 1562 2046 luerit,
1591 1965 1626 2029 et

464 2121 469 2129 ·
499 2108 523 2158 a
541 2081 711 2159 conflictu
730 2081 840 2158 etiam
857 2081 941 2179 ipso
955 2081 993 2156 in
1011 2081 1193 2180 principio
1214 2082 1459 2173 abhorruerit,
1477 2082 1624 2155 nonnisi

473 2220 476 2225 ’
498 2210 711 2304 impellente
731 2209 813 2306 ipso
833 2209 926 2294 Deo,
947 2214 984 2281 et
1008 2207 1160 2283 dextrae
1189 2209 1306 2306 ipsius
1332 2209 1484 2296 viribus,
1515 2215 1625 2306 parta

499 2360 545 2410 ea
562 2342 638 2410 tam
656 2335 815 2430 insignis
834 2335 991 2409 victoria
1011 2333 1056 2408 de
1076 2335 1248 2432 superbis
1258 2334 1428 2410 hostibus
1439 2334 1497 2408 sit.
1510 2329 1625 2407 Certa

499 2460 636 2555 itaque,
656 2467 693 2534 et
713 2460 864 2536 indubia
883 2483 945 2535 res
967 2467 1034 2552 cst,
1054 2483 1126 2534 non
1155 2482 1255 2548 casu,
1284 2481 1357 2533 non
1387 2459 1532 2548 virtute,
1552 2481 1625 2533 non

496 2586 719 2682 potentiam
738 2585 968 2661 multitudine
978 2584 1248 2677 hominum,sad
1258 2585 1413 2660 authore
1424 2591 1461 2659 et
1472 2584 1624 2682 auspice

497 2710 580 2784 Deo
597 2710 739 2786 factum
761 2711 800 2784 id
818 2734 912 2805 esse,
932 2719 973 2786 ut
991 2713 1065 2786 ista
1075 2711 1325 2803 maximarum,
1336 2709 1624 2786 admirabilium-

498 2857 569 2930 que
588 2858 711 2928 rerum
729 2828 967 2912 fundamenta
986 2837 1084 2911 iacta
1104 2859 1187 2911 esse
1218 2837 1419 2928 videamus,
1447 2836 1559 2931 idque
1581 2859 1624 2909 eo

496 2960 728 3059 potissimum
747 2970 924 3060 tempore,
945 2987 1016 3060 quo
1037 2962 1109 3035 iam
1129 2962 1287 3038 omnium
1307 2983 1406 3059 spes,
1437 2945 1636 3059 animique

498 3088 744 3182 conciderant,
763 3098 803 3165 ut
821 3091 948 3189 palam
968 3099 1159 3190 appareat,
1185 3099 1258 3164 tum
1289 3090 1470 3166 dominum
1500 3089 1623 3165 Deum

494 3213 666 3290 iuvandis
681 3214 758 3291 suis
788 3239 933 3292 manum
953 3216 1175 3309 admovisse,
1214 3240 1294 3291 cum
1322 3216 1396 3290 iam
1424 3215 1621 3291 exhaustis

498 3339 638 3416 cunctis
658 3341 816 3436 auxiliis,
836 3341 1003 3416 homines
1023 3342 1166 3417 defixas
1195 3343 1232 3417 in
1260 3343 1342 3441 ipso
1363 3343 1445 3418 solo
1465 3349 1622 3434 mentes,

496 3464 814 3565 cogitationesque
834 3489 923 3543 suas
943 3467 1134 3542 haberent.
1155 3466 1263 3558 Quod
1282 3467 1395 3543 sihcc
1410 3490 1537 3542 verum
1549 3476 1624 3574 est,

496 3592 1622 3695 mmmmffimmmfflwn

494 3721 750 3821 amplectatur,
778 3717 975 3794 classicum
995 3725 1149 3794 sonante
1169 3719 1263 3808 Deo,
1290 3741 1363 3793 non
1392 3741 1433 3794 se
1463 3742 1620 3794 commo-

494 3844 612 3924 veat?
632 3845 747 3943 Atqui
767 3845 859 3921 certi
877 3845 1045 3942 prolecto
1065 3867 1149 3919 esse
1170 3844 1357 3936 debemus,
1378 3843 1411 3918 si
1432 3843 1620 3920 decretum
1700 3913 1712 3932 ,

492 3974 573 4068 hoc,
593 3971 858 4069 consiliumque
878 3969 953 4044 Dei
972 3977 1040 4061 est,
1062 3969 1165 4045 cuius
1185 3967 1280 4043 hacc
1298 3968 1402 4044 initia
1417 3971 1493 4065 jam
1517 3969 1619 4044 vide-

491 4119 582 4193 mus,
601 4097 803 4196 parendum
825 4096 859 4171 ei
879 4095 959 4189 erit,
979 4119 1048 4170 nec
1064 4095 1142 4170 ulla
1161 4094 1218 4170 vis
1238 4100 1343 4170 tanta
1364 4115 1448 4170 esse
1468 4095 1618 4191 poterit,

492 4222 665 4320 quicquid
694 4229 822 4297 contra
864 4221 924 4296 vel
953 4219 1034 4318 ipse
1064 4242 1171 4298 orcus
1199 4219 1382 4311 moliatur,
1421 4241 1516 4316 quae
1537 4221 1619 4298 eius

491 4371 637 4425 cursum
656 4346 850 4424 retardare
880 4354 1001 4445 queat.
1040 4347 1135 4423 Esto
1164 4345 1237 4421 sint
1265 4369 1333 4421 eae
1354 4345 1490 4420 Turcis
1510 4345 1615 4422 vires

492 4477 625 4574 quibus
653 4475 708 4551 illi
735 4482 929 4571 tantopere
958 4474 1187 4570 gloriantur,
1216 4473 1447 4548 manifestum
1477 4481 1545 4564 est,
1585 4475 1620 4547 si

491 4602 595 4676 Deus
615 4601 809 4697 benignior
839 4600 916 4675 suis
945 4600 1076 4690 factus,
1104 4607 1258 4696 praeeat
1287 4618 1409 4674 eorum
1431 4599 1559 4692 copiis,
1577 4601 1617 4674 in

490 4747 695 4800 manuesse
716 4725 921 4820 victoriam
941 4749 1066 4800 verum
1087 4725 1118 4798 si
1139 4724 1195 4799 cui
1217 4746 1282 4799 eas
1303 4725 1413 4799 etiam
1433 4721 1549 4798 libeat
1569 4729 1619 4800 ad
