3625 5534
480 521 529 572 nn
546 522 627 572 nnn.
647 521 731 572 vno.
754 520 837 572 nnc.
856 521 906 574 ιιι.
927 521 962 570 n.
982 521 1020 572 11.
1239 497 1317 572 317

194 705 274 771 tam
294 719 337 771 se
360 720 470 795 qnam
495 696 701 794 complures
730 703 937 773 nostrorum
966 701 1063 770 tetra
1089 700 1207 769 morte
1240 693 1318 768 alfi-

196 831 336 898 cerent.
355 825 505 899 Interea
523 846 658 920 magno
678 845 828 898 numero
846 823 884 897 in
912 845 997 898 arce
1016 823 1055 896 in
1073 845 1180 898 unum
1200 819 1318 895 coacti

195 957 305 1024 tanta
323 950 480 1025 audacia
498 950 636 1026 nostris
656 945 880 1043 restiterunt,
908 957 949 1025 nt
966 948 1155 1025 tormentis
1173 947 1319 1022 moriem

197 1075 236 1149 in
257 1096 322 1148 eos
340 1072 529 1150 fulminari
546 1075 658 1150 fuerit
674 1097 838 1150 necesse.
866 1075 927 1150 Ita
953 1075 1072 1151 nostri
1099 1073 1247 1150 laurino
1265 1073 1319 1147 in·

204 1199 347 1276 effabili
366 1201 438 1275 Dei
457 1200 765 1299 clementiapotiti
782 1200 894 1276 fuere.
916 1197 1112 1276 Cadavera
1130 1221 1320 1276 caesorum

202 1326 241 1400 in
251 1324 710 1428 profluentumDanubium
723 1324 771 1401 ad
780 1335 911 1423 quater
920 1326 1019 1403 mille
1029 1334 1204 1402 sexcenta
1214 1349 1321 1403 sexa·

201 1452 310 1550 ginta
328 1452 489 1550 quinque
513 1453 677 1550 proiecta
696 1459 790 1527 sunt.
819 1451 897 1527 Alii
916 1454 952 1527 D
972 1452 1219 1529 Barbarorum
1238 1477 1322 1530 esse

201 1601 337 1656 caesos
357 1578 490 1654 dicunt.
511 1577 623 1677 Capti
641 1579 876 1678 septingenti,
890 1603 1016 1656 omnes
1037 1579 1106 1655 viri
1122 1581 1250 1674 fortes,
1270 1589 1323 1656 at·

202 1728 274 1804 que
291 1705 461 1782 veterani
477 1705 678 1781 bellatores
692 1731 701 1800 3
720 1729 855 1800 eorum,
867 1705 931 1805 qui
949 1707 1203 1784 subterraneis
1219 1707 1324 1783 cellis

200 1840 314 1929 atque
333 1833 471 1908 cloacis
493 1832 624 1907 inclusi
642 1833 870 1925 interierunt,
898 1856 1070 1910 numerus
1094 1834 1193 1909 haud
1211 1836 1322 1911 facile

201 1958 288 2032 iniri
336 1960 481 2059 poterit.
529 1959 716 2056 Nongenti
755 1961 840 2058 equi
875 1961 1136 2057 generosiores
1172 1962 1323 2061 reperti,

205 2091 357 2183 praeter
383 2085 636 2165 incredibilem
662 2087 780 2161 omnis
799 2087 948 2183 generis
967 2087 1249 2186 supellectilium
1269 2113 1326 2165 ar·

204 2234 417 2310 morumque
436 2213 591 2310 copiam,
611 2236 705 2311 quae
733 2223 871 2311 quanta
887 2215 1034 2306 fuerint,
1061 2240 1108 2292 ne
1137 2216 1326 2292 aestimari

205 2340 350 2437 quidem
369 2345 506 2438 potest.
547 2341 749 2417 Tormenta
775 2341 912 2436 bellica
939 2343 1080 2419 maiora
1107 2365 1153 2416 ac
1184 2344 1325 2421 minora

204 2490 299 2565 quae
318 2466 476 2560 curulia,
490 2467 721 2563 campestria,
735 2468 891 2567 aliisque
910 2470 1041 2545 muniis
1061 2469 1245 2546 destinata
1263 2494 1325 2545 vo-

203 2594 280 2668 cari
300 2594 432 2686 solent,
469 2592 616 2669 circiter
634 2594 838 2692 quingenta
856 2605 1006 2693 reperta
1034 2605 1128 2691 sunt,
1156 2598 1321 2695 pulveris

206 2720 432 2795 tormentarii
443 2777 535 2812 .....
569 2722 709 2820 plumbi
727 2723 760 2796 L
779 2723 909 2822 pondo,
929 2725 1122 2821 globorum
1151 2726 1326 2824 cuiusque

205 2845 356 2941 generis
385 2846 568 2922 maiorum
596 2847 710 2924 XXV
735 2849 849 2924 millia
877 2849 915 2924 in
933 2851 1026 2925 turri
1052 2851 1203 2927 inventa
1230 2861 1325 2944 sunt,

208 2976 334 3072 plures
362 2996 470 3071 quam
507 2982 583 3049 tres
612 2975 692 3049 auri
710 2977 927 3076 argentique
956 2986 1103 3070 tonnae,
1131 2986 1168 3053 et
1187 2980 1328 3076 aliquot

208 3099 328 3175 librae
356 3097 629 3176 Zebellinarum
656 3101 817 3200 pellium,
844 3103 920 3178 VII
946 3103 1149 3179 testudines
1172 3126 1238 3179 seu
1255 3106 1327 3179 for·

211 3226 333 3301 nicata
352 3225 497 3306 horrea.
518 3226 651 3321 farina,
670 3227 789 3322 melle,
809 3227 919 3320 crisa,
940 3235 977 3304 et
995 3249 1105 3305 carne
1123 3229 1244 3328 plena.
1285 3287 1290 3296 .

638 3496 909 3508 Ἥ

529 3669 704 3752 CAPVT
733 3675 1002 3770 Qvusuvm.

220 3813 277 3891 De
287 3819 466 3920 lepori-ione
479 3815 654 3917 Stephani
665 3835 697 3893 et
713 3826 881 3899 Andreae
891 3825 1150 3898 Batborioram
1160 3821 1211 3900 ad
1219 3821 1329 3900 Pria·

181 3962 184 3966 ’
217 3947 333 4043 cipem
348 3945 647 4045 Traaryloaaiae,
669 3953 815 4049 circaque
826 3950 877 4026 ad
887 3950 1123 4048 ludolphum
1141 3949 1331 4026 Caesarem

719 4076 830 4150 obita.

322 4235 587 4313 inaudiverant
618 4233 827 4337 Stephanus
860 4245 897 4313 et
922 4235 1094 4314 Andreas
1122 4237 1334 4316 Cardinalis

215 4363 352 4438 fratres
381 4363 569 4459 Bathorei,
600 4366 662 4464 qni
689 4373 764 4441 tum
791 4365 829 4439 in
856 4364 1011 4442 Polonia
1039 4368 1248 4458 exulabant,
1276 4365 1333 4443 Si-

218 4488 449 4585 gismundum
470 4492 768 4589 Transylvaniae
786 4491 994 4592 Principem
1013 4489 1179 4568 Comitiis
1198 4493 1334 4570 habitis

218 4615 443 4711 provinciam
463 4617 671 4694 Austriacis
688 4618 786 4695 velle
814 4619 1019 4716 resignare.
1056 4619 1187 4718 Itaque
1210 4621 1334 4696 missis

218 4739 354 4819 Albam
372 4744 519 4840 legatis,
544 4751 709 4822 amanter
743 4745 791 4823 ad
808 4745 1016 4848 Principem
1044 4745 1219 4841 scribunt,
1238 4769 1334 4824 cum-
