3625 5534
496 473 554 537 LX
880 474 1225 542 uecsroinosr'rnsrs

498 666 693 733 assecutus
712 681 802 750 sum,
823 666 880 733 est
900 659 997 756 quod
1016 661 1107 734 mihi
1127 662 1305 756 gratuler.
1326 658 1391 734 Sin
1409 662 1540 748 minus,
1559 684 1619 735 me

495 793 615 860 tamen
643 806 747 858 meae
784 808 921 884 operae
949 809 1021 860 nou
1049 787 1263 884 poenitebit.
1293 787 1365 861 His
1389 787 1484 861 enim
1520 786 1622 862 ineu·

495 912 726 988 brationihns
747 913 873 987 rideor
891 914 1074 1000 effecisse,
1094 923 1188 990 utet
1208 914 1349 989 vixisse
1368 937 1426 988 me
1455 912 1620 1012 posteri·

495 1038 592 1126 tatis,
612 1039 645 1112 si
665 1062 739 1135 qua
756 1039 828 1114 iam
848 1041 973 1115 futura
992 1040 1053 1116 diu
1072 1055 1142 1131 est,
1161 1041 1381 1138 patriaeque
1408 1039 1619 1115 studiosum

494 1173 663 1254 testarer,
691 1171 728 1238 et
754 1173 894 1240 tantam
924 1167 1056 1242 saltem
1084 1168 1206 1263 legum
1234 1164 1481 1262 cognitionem
1510 1187 1618 1240 asse-

494 1314 637 1388 querer,
657 1313 702 1364 ne
722 1291 758 1364 iu
777 1291 825 1366 iis
842 1317 997 1390 prorsus
1015 1294 1154 1393 hospes
1172 1317 1218 1368 ae
1236 1293 1457 1390 peregrinus
1478 1314 1615 1366 essem.

494 1416 615 1514 Atque
634 1417 726 1491 haec
746 1418 791 1491 de
810 1419 901 1495 iuris
921 1420 1042 1496 studio
1061 1419 1240 1519 pluribus,
1269 1441 1379 1515 quam
1397 1424 1616 1510 statueram,

493 1544 592 1618 dicta
610 1550 729 1617 sunto.
1204 1631 1209 1638 .

600 1670 806 1746 Historiam
833 1675 955 1742 autem
982 1690 1047 1742 our
1074 1675 1270 1767 tantopere
1298 1669 1418 1743 nostri
1441 1668 1616 1744 homines

492 1796 735 1891 neglexerint,
752 1803 793 1871 ut
811 1818 916 1870 nemo
935 1796 1114 1869 hactenus
1138 1819 1186 1868 ex
1203 1794 1252 1869 iis
1272 1795 1501 1870 clarissimas
1520 1816 1616 1869 suae

492 1925 615 2024 gentis
634 1947 696 1998 res
716 1922 997 2020 conscripserit:
1018 1922 1057 1996 id
1084 1946 1173 1998 vero
1202 1921 1315 2020 louge
1341 1921 1471 1996 maiori
1501 1921 1615 1996 etiam

490 2051 730 2128 admiratione
746 2049 1000 2148 dignissimum
1010 2057 1079 2125 est
1108 2050 1232 2126 Nolim
1242 2047 1411 2148 pluribus
1432 2049 1513 2124 eins
1533 2048 1614 2124 lau-

492 2179 557 2255 des
568 2199 812 2275 exaggerare,
832 2199 925 2274 quas
944 2199 1073 2252 omnes
1095 2177 1255 2274 optimus
1272 2177 1337 2251 ille
1357 2175 1502 2251 dicendi
1522 2197 1611 2249 sen·

491 2304 677 2400 tiendique
716 2301 895 2396 magister
923 2287 1209 2400 comprehendit,
1246 2299 1331 2375 dum
1368 2325 1449 2376 eam
1477 2310 1615 2378 testem

490 2440 703 2529 temporum,
714 2427 830 2502 lucem
846 2428 1025 2518 veritatis,
1044 2429 1157 2503 vitam
1171 2427 1379 2519 memoriae,
1389 2429 1615 2525 magistram

491 2557 598 2646 vitae,
626 2555 792 2630 nunciam
818 2553 1015 2629 vetustatis
1034 2556 1225 2652 appellare
1242 2577 1316 2632 nou
1340 2553 1493 2630 dubitat.
1534 2552 1614 2629 Sed

490 2681 751 2758 necessitatem
780 2679 926 2755 silentio
953 2681 1159 2777 praeterire
1195 2705 1268 2757 nou
1305 2703 1474 2779 possum,
1513 2704 1612 2778 quae

490 2814 589 2883 certe
607 2813 712 2882 tauta
730 2813 798 2894 est,
819 2812 992 2902 quantam
1019 2805 1188 2882 homines
1215 2805 1358 2881 cordati
1384 2805 1498 2880 tacite
1517 2807 1611 2883 iuui-

490 2954 577 3010 care
595 2939 760 3030 possunt.
791 2929 831 3006 Si
858 2953 953 3008 unus
973 2930 1120 3028 quidam
1144 2932 1302 3031 scriptor
1330 2932 1526 3028 barbarus,
1545 2958 1612 3011 uo·

490 3063 586 3137 mine
615 3062 775 3152 Marcus,
814 3059 990 3134 maiorum
1018 3067 1226 3135 nostrorum
1254 3059 1435 3154 originem
1463 3085 1509 3136 ao
1545 3085 1612 3138 res

490 3196 618 3285 gestas
646 3187 682 3260 in
711 3185 931 3260 adversaria
958 3207 1031 3260 non
1059 3183 1278 3260 retulisset:
1298 3185 1487 3283 peregrini
1506 3195 1612 3263 certe

489 3337 533 3388 ac
550 3311 720 3412 hospites
738 3312 775 3385 in
795 3311 878 3409 ipso
897 3310 1013 3385 natali
1031 3310 1113 3384 solo
1132 3333 1219 3386 esse
1236 3333 1463 3407 cogeremur.
1482 3311 1543 3386 Ex
1562 3337 1610 3389 eo

489 3440 584 3516 enim
613 3437 820 3513 Thurocius
849 3436 1040 3512 materiam
1073 3437 1258 3513 scribendi
1277 3437 1435 3536 sumpsit
1452 3461 1611 3529 omnem,

488 3566 554 3641 sed
573 3565 625 3639 ita
642 3563 803 3652 horrido,
830 3563 992 3638 barbaro
1011 3585 1057 3636 ac
1083 3563 1229 3661 poetico
1257 3563 1438 3639 sermonis
1466 3586 1610 3659 genere

487 3714 587 3785 usus,
606 3699 646 3766 ut
673 3689 845 3764 tenebras
863 3689 985 3788 potius
1013 3689 1201 3781 historiae,
1231 3712 1340 3787 qnam
1361 3691 1506 3787 patriae
1525 3688 1609 3786 glo-

365 3831 371 3838 ·
487 3817 579 3892 riam
616 3837 683 3893 suo
710 3812 832 3890 studio
866 3814 1062 3891 conciliare
1090 3813 1253 3891 voluisse
1291 3814 1470 3892 videatur.
1510 3817 1607 3893 Eius

487 3943 649 4041 vestigia
670 3941 787 4017 secuti
814 3942 918 4016 fuere
946 3940 1080 4017 Petrus
1115 3941 1328 4032 Rauzauus,
1355 3951 1392 4016 et
1420 3941 1607 4020 Antonius

488 4069 688 4163 bonfinius,
707 4067 872 4146 homines
900 4069 1099 4167 peregrini,
1119 4070 1182 4168 qui
1208 4076 1266 4145 tot
1283 4069 1444 4145 anilibus
1465 4069 1607 4147 tabulis

486 4219 531 4273 ao
566 4196 677 4272 rebus
713 4195 867 4272 exoticis
904 4195 1148 4272 obscurarunt
1193 4196 1386 4272 veritatem
1422 4194 1606 4272 historiae

488 4329 649 4414 nostrae,
668 4329 709 4398 ut
727 4321 920 4398 dolendum
938 4322 999 4415 sit,
1019 4323 1212 4420 aliqueme
1231 4323 1379 4412 nostris,
1399 4324 1461 4420 qui
1480 4346 1607 4400 euram

489 4448 650 4526 cinerei
688 4449 926 4548 suscepisset,
965 4448 1143 4526 haetenus
1181 4449 1367 4526 inventum
1404 4475 1475 4526 uon
1508 4471 1606 4526 esse.

490 4574 714 4651 Praesertim
744 4599 824 4650 oum
853 4579 1012 4652 Ioannes
1037 4573 1251 4669 Sambucus,
1279 4575 1399 4668 homo,
1435 4583 1476 4650 ut
1510 4575 1607 4652 nihil

489 4698 590 4777 aliud
600 4699 729 4790 dicam,
750 4701 794 4776 de
812 4699 981 4779 Historia
1001 4699 1299 4799 Vugarioamale
1311 4701 1472 4795 meritus,
1491 4699 1603 4779 etiam
