3625 5534
469 564 518 614 uu
548 564 630 616 aus.
651 563 735 617 vro.
753 563 835 616 nac.
854 565 888 614 x.
909 565 943 619 n.
963 566 1011 618 rr.
1248 545 1319 621 llb

200 750 309 820 noctu
328 749 483 836 montes,
502 741 564 841 qui
583 743 818 819 circaoircum
845 749 941 838 sunt,
973 746 1162 845 dispositis
1191 748 1320 846 equiti-

200 870 300 945 tibus
319 874 513 966 occupant,
533 893 618 944 mcx
636 869 873 946 illucescente
901 871 962 947 die
989 873 1159 972 pernices
1177 875 1320 972 equites

206 996 415 1095 adcampos
426 996 605 1086 emittunt,
625 996 687 1093 qui
696 997 837 1095 passim
848 1007 978 1075 cuncto
991 999 1089 1074 ferro
1107 988 1324 1097 flammaque

205 1122 394 1214 misceant,
413 1123 467 1196 ita
485 1121 651 1198 homines
670 1124 781 1199 citato
809 1126 974 1222 tumultu,
1004 1125 1088 1199 dum
1116 1125 1164 1200 ad
1193 1125 1323 1224 sylvas
1409 1171 1418 1198 ι

203 1259 423 1349 properant,
461 1257 498 1325 et
528 1249 601 1325 sibi
629 1249 784 1348 quisque
812 1252 980 1345 consulit,
1009 1251 1048 1326 in
1065 1250 1220 1327 insidias
1238 1251 1325 1327 inci-

206 1375 305 1470 dnnt,
325 1376 609 1473 caeduntmque.
632 1372 907 1475 Saepenumero
926 1385 1099 1454 strenuos
1126 1378 1224 1454 nacti
1242 1378 1326 1453 hos-

206 1485 262 1576 tes
279 1501 438 1598 fugiunt,
455 1491 618 1598 frigeque
637 1503 748 1596 lacta,
767 1510 852 1600 post
871 1525 913 1578 se
925 1526 989 1579 eos
1001 1504 1174 1594 alliciunt,
1185 1504 1326 1580 demum

206 1627 318 1723 longo
337 1649 448 1702 cursu
476 1627 712 1723 defatigatos,
740 1630 861 1705 subito
891 1631 1072 1725 conversi,
1101 1630 1325 1707 adoriuntur.

204 1753 287 1829 Non
304 1777 392 1829 raro
412 1754 522 1828 etiam
545 1753 715 1851 depressi
724 1754 761 1827 in
771 1754 914 1852 praelio
924 1755 1166 1844 exindustria,
1184 1762 1226 1830 ut
1243 1754 1328 1829 hos-

204 1887 274 1954 tem
297 1881 503 1973 admittaut,
522 1901 607 1954 mox
627 1878 827 1955 admissum
856 1880 894 1955 in
922 1881 1070 1957 sibilum
1113 1881 1232 1958 coacti
1257 1881 1325 1956 oir-

206 2006 447 2082 cumveniunt
457 2005 682 2103 Quocunque
702 2005 772 2082 iter
790 2007 940 2100 iaciunt,
959 2006 1042 2082 dira
1061 2007 1254 2083 confestim
1272 2006 1326 2084 fa-

85 2227 88 2240 ³
207 2155 285 2207 mes
301 2131 439 2230 ubique
457 2132 705 2230 consequitur.
726 2131 762 2207 N
764 2156 821 2208 am
837 2140 989 2232 propter
998 2133 1193 2208 frustulum
1203 2130 1325 2207 carnis

208 2258 328 2333 vivum
356 2265 520 2334 mactare
548 2260 680 2362 bovem
715 2280 788 2335 non
825 2258 1002 2353 dubitant,
1043 2266 1203 2334 ceterum
1232 2281 1325 2356 quos

210 2385 358 2461 auferre
375 2393 570 2482 nequeunt,
589 2385 742 2484 perinde
761 2393 802 2460 nt
819 2385 985 2461 homines
1004 2385 1126 2485 capite
1146 2393 1325 2460 truncant.

207 2511 327 2604 Victu,
344 2511 400 2586 uti
416 2512 490 2587 iam
509 2512 644 2588 dictum
663 2519 730 2604 est,
751 2523 827 2588 tam
853 2511 965 2587 foedo
993 2517 1151 2605 utuntur,
1170 2519 1210 2586 ut
1226 2511 1327 2610 pedi·

207 2641 319 2732 culus,
338 2638 469 2725 mulas,
489 2661 612 2732 canes,
630 2638 736 2732 feles,
755 2640 815 2714 lac
831 2661 923 2736 prae
947 2637 1092 2730 ceteris,
1120 2644 1158 2713 et
1178 2638 1325 2734 sungui-

206 2789 285 2840 nem
304 2765 486 2863 equinum,
497 2764 748 2862 humanasque
767 2787 910 2858 carnes,
922 2764 1325 2856 maximciuimicorum,

207 2890 313 2965 avide
332 2889 535 2965 comedunt.
557 2891 599 2964 ln
619 2886 784 2965 Cumano
803 2889 950 2987 quidem
969 2888 1068 2965 bello
1088 2913 1168 2965 cum
1192 2890 1326 2964 multos

210 3017 375 3114 captivos
394 3015 590 3106 haberent,
621 3037 747 3091 omnes
776 3015 1020 3109 decimarent,
1054 3016 1327 3111 decimatosque

212 3138 411 3238 percupide
440 3139 675 3231 devorarunt,
713 3140 779 3250 sed
815 3149 853 3214 et
888 3141 925 3216 in
956 3141 1157 3238 penultimo
1202 3163 1326 3216 eorum

211 3289 378 3363 egressu,
397 3264 481 3341 dum
499 3264 685 3361 Tokajum
704 3265 930 3360 obsiderent,
950 3266 1138 3360 humanas,
1158 3265 1324 3340 invitatis

208 3400 283 3467 tarn
302 3392 448 3484 Turde,
477 3417 586 3490 quarn
615 3390 849 3484 Christianis,
879 3395 1071 3492 appositas
1100 3393 1148 3469 ad
1176 3415 1326 3467 vescen-

208 3519 291 3594 dum
310 3541 452 3610 carnes,
472 3519 520 3592 ab
545 3518 700 3594 oculatis
728 3519 887 3594 testibus
914 3519 1133 3618 accepimus.
1171 3516 1326 3594 Petinus

207 3645 356 3740 habent,
377 3655 415 3721 et
432 3646 529 3721 ollas
548 3667 690 3740 aereos,
710 3668 848 3744 easque
868 3669 992 3723 secum
1011 3667 1157 3746 semper
1167 3650 1326 3743 gestent,

85 3778 92 3792 '
207 3772 273 3847 sed
290 3794 473 3868 nunquam
491 3779 721 3870 purgantur
740 3771 801 3869 qui
822 3772 994 3849 sordibus
1012 3773 1132 3869 magis
1143 3755 1325 3846 delecten-

207 3908 276 3992 tur,
296 3922 404 3998 quam
423 3921 489 3974 eas
516 3899 780 3974 abominentur.
799 3899 941 3976 Habitu
960 3905 1109 3976 utuntur
1131 3898 1239 3995 nigro
1259 3919 1321 3993 ge-

204 4034 371 4116 nutenus,
389 4046 461 4124 quo
479 4047 549 4101 uec
567 4025 732 4117 brachio,
759 4048 828 4099 uec
855 4027 986 4119 latera,
1014 4047 1083 4118 nec
1102 4033 1242 4122 pectus,
1261 4045 1322 4097 ne·

204 4175 275 4250 quc
292 4152 438 4248 reliquo
455 4174 546 4249 pars
574 4173 708 4251 supra,
745 4151 915 4250 infraque
940 4152 1151 4227 umbilicum
1178 4151 1324 4247 tegitur.

205 4278 365 4353 Indusiie
383 4276 550 4376 plerique
569 4283 706 4370 carent,
726 4284 764 4350 et
781 4277 854 4352 nisi
873 4299 1051 4352 summum
1069 4276 1188 4372 frigus
1207 4276 1324 4377 impe·

202 4406 291 4498 diat,
309 4405 397 4480 nudi
415 4404 632 4503 quandoque
649 4404 822 4480 incedere
840 4427 914 4479 non
943 4406 1172 4479 crubescunt.
1204 4401 1320 4479 Pileis

203 4538 355 4608 utuntur
389 4530 526 4624 variis,
571 4531 728 4606 maxime
761 4538 885 4606 tomen
921 4529 959 4604 in
986 4531 1115 4605 mitrae
1149 4531 1321 4627 speciem,

204 4659 316 4749 corio,
335 4641 545 4753 luminaque
562 4655 686 4734 ferrea
705 4656 858 4732 brachio
884 4656 1057 4742 muniunt,
1084 4657 1250 4754 potiores
1270 4665 1323 4733 ta-

208 4807 293 4860 men
310 4782 443 4881 galeas
471 4806 493 4857 e
521 4782 621 4859 corio
649 4784 802 4880 fingunt,
826 4783 936 4880 pauci
966 4784 1116 4876 lanceis,
1137 4808 1182 4860 ac
1200 4785 1325 4879 scutis,

1127 4925 1166 4988 8¹*
