3625 5534
860 430 908 483 10.
928 429 1028 480 DECII
1046 427 1196 484 BAROVII

704 1024 961 1188 ,nisan
997 1051 1337 1153 ranrrvs
1426 1201 1430 1212 Ι

823 1305 1000 1383 OAPVT
1028 1303 1246 1384 PRIMVM.

547 1492 605 1565 De
633 1491 779 1563 Aaroate
807 1515 851 1563 aa
878 1490 1108 1586 Principem
1135 1488 1345 1564 Moddavt'ae
1373 1490 1525 1566 deiecto.

580 1623 790 1750 Antequam
818 1661 939 1730 autem
967 1653 1123 1729 ulterius
1151 1653 1453 1752 progrediamur,
1488 1655 1595 1731 vide-

474 1790 534 1857 tur
552 1781 613 1857 hie
630 1779 742 1881 paulo
761 1779 872 1856 altius
890 1780 1150 1880 repetendum,
1178 1804 1274 1879 quae
1293 1803 1407 1857 eausa
1434 1779 1602 1859 Caesari

475 1908 606 2000 fuerit,
633 1903 783 1981 Aarone
802 1905 840 1980 in
857 1908 954 1990 hune
973 1908 1116 1983 modum
1136 1901 1326 1984 debilitato
1338 1912 1603 2007 ,propositum

357 2131 360 2134 Α
474 2034 547 2111 sibi
570 2034 677 2108 finem
697 2034 931 2130 assequendi.
961 2034 1055 2108 Erat
1073 2030 1213 2108 Aaroni
1232 2057 1304 2108 non
1328 2034 1382 2110 ita
1400 2037 1517 2112 multo
1540 2061 1605 2112 an-

475 2169 513 2237 te
543 2159 780 2268 Principatus
814 2161 1025 2237 Moldaviae
1054 2161 1266 2258 ademptus,
1296 2159 1357 2258 qui
1386 2162 1520 2258 quavis
1552 2162 1599 2237 de

474 2310 609 2379 eausa,
630 2287 797 2379 maxime,
817 2287 935 2385 siquis
955 2287 1073 2386 pluris
1091 2288 1266 2379 lineatur,
1285 2287 1418 2363 mutari
1435 2288 1491 2362 ibi
1510 2291 1601 2366 sub·

474 2412 560 2489 inde
578 2410 688 2487 etiam
717 2413 919 2489 consuevit.
948 2403 1076 2488 Aaron
1104 2411 1217 2508 igitur
1236 2435 1317 2487 eum
1335 2413 1409 2488 iam
1427 2414 1603 2512 privatus

477 2537 526 2613 ad
544 2535 665 2610 aulam
685 2536 883 2612 Tureieam
911 2537 981 2613 iter
1000 2561 1104 2614 suum
1123 2537 1364 2631 intendisset,
1393 2562 1461 2614 nee
1484 2539 1603 2638 longe

469 2660 807 2758 Constantinopoli·
829 2663 999 2751 abesset,
1030 2688 1054 2739 a
1082 2661 1251 2740 Seiansio
1271 2663 1412 2757 Bassa,
1441 2665 1505 2762 qni
1523 2674 1603 2743 tum

478 2789 586 2864 aulae
605 2785 788 2862 Tureieae
807 2793 990 2886 praeerat,
1008 2796 1050 2863 ut
1068 2789 1147 2865 eius
1159 2789 1290 2886 opibus
1300 2789 1489 2887 potiretur,
1510 2814 1599 2891 eap-

478 2921 556 3004 tus,
587 2919 624 2988 et
647 2936 715 3011 per
734 2934 910 2988 summam
929 2914 1185 2989 contumeliam
1204 2895 1368 3007 vinetus,
1396 2913 1434 2988 in
1459 2917 1595 2993 urbem

478 3040 656 3117 adductus
684 3037 762 3113 fnit.
791 3039 850 3114 Ea
876 3062 938 3114 res
966 3035 1124 3115 Caesari
1151 3038 1384 3134 renunciata,
1412 3041 1601 3118 hominem

478 3165 693 3266 supplicem,
713 3164 761 3240 ad
779 3164 1156 3242 einsmiserieordiam
1175 3173 1306 3264 sponte
1316 3161 1600 3264 confugientem,

478 3300 554 3368 tam
570 3291 733 3386 indignis
752 3291 871 3367 modis
885 3291 1002 3368 fnisse
1022 3299 1220 3390 aeeeptnm,
1240 3291 1349 3367 aienti
1367 3293 1526 3370 salntem
1546 3303 1601 3372 at·

353 3487 357 3493 .
479 3417 562 3493 tulit
580 3415 732 3508 Aaroni,
741 3416 795 3492 ita
803 3441 933 3516 parum
944 3419 1071 3512 abfuit,
1092 3419 1178 3517 quin
1198 3416 1404 3495 Seiansium
1424 3417 1602 3519 exprimi

479 3542 552 3617 loci
571 3541 751 3638 dignitate
773 3543 1013 3641 praeeipitem
1032 3543 1147 3622 daret.
1176 3547 1236 3620 Ita
1263 3544 1443 3643 siqnidem
1471 3569 1601 3624 aecen-

368 3661 376 3679 '
481 3690 546 3744 sus
563 3667 602 3741 in
621 3688 703 3742 eum
721 3664 865 3743 Caesar
883 3669 1025 3761 inerat,
1053 3677 1094 3745 ut
1111 3671 1175 3745 vix
1194 3670 1339 3746 omnino
1360 3672 1510 3747 exorari
1533 3696 1600 3772 po-

480 3793 608 3885 tnerit,
635 3816 683 3867 ne
706 3794 741 3868 ei
760 3794 975 3890 dignitatem
996 3797 1207 3893 abrogaret
1235 3795 1397 3874 Proinde
1424 3798 1600 3875 misertus

379 3903 382 3906 ἢ
482 3917 625 3996 Caesar
643 3917 824 4011 daronis,
852 3919 1103 4021 Principatum
1122 3943 1250 3998 rursus
1277 3923 1312 3999 ei
1330 3923 1497 4022 pristinis
1516 3947 1599 4000 eum

483 4047 751 4127 eonditionibns
769 4048 940 4126 restitnit.
1021 4073 1026 4086 ·
