3625 5534
506 495 555 545 on
574 494 654 545 uus.
675 493 758 544 vno.
778 493 861 545 nuc.
883 496 917 544 x.
938 497 970 545 u.
985 495 1047 547 vn.
1284 472 1359 549 167

234 669 540 747 administraturi.
563 667 670 760 Quod
688 669 880 765 religionis
900 672 1088 767 negotium
1107 672 1274 764 attineat
1286 681 1361 748 sta-

232 798 355 875 tuisse
377 819 463 873 sese
483 796 660 871 communi
676 817 858 872 consensu
876 804 916 873 ut
926 806 1083 894 quatuor
1092 809 1264 899 receptae
1277 799 1360 874 reli-

233 922 362 1020 gionis
382 923 524 998 formae
542 921 659 997 libere
679 922 873 997 observari
894 935 1040 1021 queant,
1061 948 1107 1000 ex
1128 927 1261 1024 quibus
1273 934 1359 1001 sunt

234 1052 419 1143 Romana,
438 1050 663 1142 Lutherana,
676 1046 921 1126 Calvinistica
930 1059 968 1127 et
977 1051 1129 1128 Ariana.
1142 1052 1216 1129 Sed
1226 1063 1264 1130 et
1274 1078 1358 1130 eon-

232 1178 465 1255 stitutionem
502 1200 597 1252 anuo
636 1174 776 1252 Salutis
813 1177 1155 1256 MDLXXXVIII.
1195 1180 1359 1257 unanimi

232 1303 418 1382 Ordiuum
438 1324 620 1379 consensu
645 1301 691 1377 de
709 1302 901 1379 Iesuitise
931 1303 1211 1404 Transylvenia
1239 1314 1358 1382 exter·

230 1430 419 1506 mirandis
436 1431 585 1520 factam,
605 1438 785 1526 quatenus
804 1429 995 1508 Romanae
1013 1433 1185 1529 religioni
1213 1434 1358 1534 praeiu-

231 1559 345 1650 dicet,
364 1581 432 1658 pro
452 1566 537 1633 voto
557 1557 741 1656 Principis
770 1581 854 1636 sese
882 1561 1108 1655 rescindere,
1128 1585 1283 1660 eumque
1312 1583 1356 1635 eo

229 1686 442 1762 iuramento
460 1684 670 1776 absoluere,
681 1685 734 1760 ita
752 1691 792 1760 ut
810 1686 972 1762 Iesuitas
983 1684 1264 1788 Claudiopolim,
1276 1689 1356 1763 Mo-

230 1811 449 1904 nasterium,
460 1818 497 1886 et
515 1809 801 1887 Albam-Iuliam
820 1811 1054 1890 introducere
1072 1814 1204 1915 possit.
1226 1813 1357 1890 Proin·

231 1940 279 2014 de
300 1960 410 2014 orare
430 1959 473 2012 se
489 1933 737 2037 Principalem
748 1939 978 2015 clementiam
988 1963 1036 2015 ne
1046 1964 1231 2039 quaquam
1250 1948 1357 2016 extra

230 2062 429 2165 praedicte
465 2063 549 2140 loca
586 2084 651 2139 eos
679 2061 884 2155 collocare,
913 2067 974 2141 vel
1002 2089 1219 2165 quocunque
1247 2066 1356 2142 modo

227 2191 389 2266 liberum
407 2189 598 2285 religionis
623 2168 836 2266 exercitium
864 2191 1043 2290 impedire
1072 2189 1173 2268 velit.
1200 2191 1356 2269 Praeter

227 2319 301 2393 has
320 2317 378 2394 IV
396 2315 589 2414 religionis
608 2316 894 2410 formas,omnes
914 2318 1010 2394 alias
1029 2319 1285 2396 innovationes
1303 2320 1356 2395 iu-

227 2442 412 2520 dicandas
432 2442 587 2536 censeri,
606 2465 804 2539 earumque
824 2451 1029 2520 sectatores
1048 2453 1224 2542 tanquam
1249 2446 1354 2521 inno·

226 2579 381 2648 ratores
399 2592 467 2668 per
486 2568 637 2644 comites
657 2576 694 2644 et
713 2568 860 2644 Iudices
879 2567 1021 2665 Regios
1041 2571 1223 2648 adiunctis
1242 2572 1353 2671 Epis·

230 2697 338 2798 copis
385 2719 430 2773 ac
466 2695 675 2772 senioribus
709 2695 995 2793 diligentissime
1042 2697 1281 2795 inquirendos
1319 2707 1356 2773 et

227 2823 499 2900 interveniente
512 2820 678 2920 legitimo
696 2822 788 2898 iuris
807 2844 987 2923 processu
1007 2847 1138 2900 severe
1148 2824 1353 2923 puniendos

225 2950 393 3027 iudicari.
413 2949 585 3046 Denique
613 2950 823 3046 intelligere
848 2973 890 3024 se
911 2974 957 3025 ex
977 2950 1230 3028 declaratione
1248 2950 1352 3026 Prin-

228 3077 323 3177 cipis
351 3077 522 3153 inventos
552 3097 636 3153 esse
666 3077 844 3174 quosdam
863 3100 883 3151 e
903 3100 1055 3153 numero
1078 3076 1290 3170 Procerum,
1314 3083 1354 3151 ut

228 3210 314 3281 suut
334 3199 548 3303 Stephanus
580 3202 745 3296 Bathori,
775 3200 979 3279 Balthasar
1006 3203 1172 3296 Bathori,
1200 3203 1352 3304 Wolph-

231 3353 381 3430 gangus
427 3329 700 3420 Kovaczioczi,
738 3325 953 3404 Alexander
999 3329 1144 3418 Kendi,
1191 3331 1353 3406 Ioannes

228 3459 324 3550 Iffiu,
335 3457 563 3534 Frauciscus
581 3455 719 3548 Kendi,
732 3453 888 3532 Gabriel
903 3456 1039 3549 Kendi,
1050 3459 1210 3532 Ioannes
1221 3456 1352 3550 Ferro,

231 3581 424 3682 Georgius
461 3583 651 3659 Literatus
688 3583 733 3657 de
771 3580 883 3658 Szent
911 3583 1055 3683 Egyed,
1094 3586 1253 3660 Ioannes
1278 3581 1353 3660 Ge-

227 3711 347 3803 reudi,
367 3711 529 3787 Ioannes
546 3708 841 3800 Bornemisusza,
861 3709 1039 3785 Albertus
1058 3708 1351 3808 Lonyai,Ladis·

227 3836 312 3911 laus
341 3831 546 3928 Sualanczi,
576 3831 764 3931 Georgius
793 3833 999 3928 Sueltnezi,
1028 3835 1231 3910 Balthasar
1257 3831 1351 3907 Suil-

228 3960 322 4048 vtsi,
342 3960 521 4036 Nicolaus
542 3956 658 4054 Gara,
670 3960 875 4058 Dionysius
895 3960 1210 4057 Tamaslalvi,qui
1223 3981 1351 4036 omnes

227 4086 335 4164 obliti
363 4087 420 4163 sui
448 4093 486 4161 et
512 4086 770 4163 beneficiorum
800 4095 1044 4185 acceptorum,
1063 4085 1135 4163 hoc
1154 4091 1350 4184 praetextu

228 4223 266 4292 ct
292 4213 418 4288 colore
448 4213 632 4290 voluerint
661 4236 742 4290 eum
772 4237 818 4290 ex
845 4211 967 4313 patrio
995 4233 1113 4309 regno
1142 4210 1349 4307 excludere,

228 4339 338 4440 quasi
357 4337 518 4416 Ordines
536 4339 658 4436 Regni
678 4341 906 4430 statuissent,
927 4361 1008 4414 eum
1027 4336 1089 4414 vel
1099 4344 1245 4437 captum
1256 4339 1349 4414 Tur-

228 4469 306 4544 cico
340 4467 561 4565 Imperatori
585 4468 754 4561 tradere,
782 4468 842 4542 vel
870 4466 982 4541 etiam
1010 4488 1030 4539 e
1058 4463 1178 4540 medio
1205 4465 1347 4541 tollere.

229 4593 301 4669 His
320 4600 456 4669 motum
474 4593 694 4693 Principem,
714 4602 789 4670 tum
808 4602 847 4670 ut
866 4593 978 4670 saluti
1007 4614 1097 4669 suae
1128 4591 1348 4683 consuleret,

229 4727 304 4798 tutu
325 4740 415 4800 vero
434 4728 474 4796 ut
501 4719 667 4798 exactius
696 4719 789 4797 haee
817 4720 940 4796 omnia
967 4726 1220 4816 cognosceret,
1248 4718 1349 4794 itane
