3625 5534
499 487 910 540 verumundum.
931 488 1035 540 nur.
1280 465 1333 540 59
1459 557 1463 568 1

217 673 347 763 petant,
366 686 437 737 uec
454 662 487 736 si
505 685 552 738 ea
571 668 855 758 consequantur,
883 661 949 736 ulli
969 685 1127 760 unquam
1147 664 1254 736 linem
1275 684 1332 734 cu-

217 787 356 887 piditati
375 809 502 862 eorum
519 787 669 862 iaciunt.
707 769 768 861 Au
806 787 914 861 nobis
943 787 1091 878 excidit,
1120 811 1228 884 quam
1249 789 1333 862 sub·

218 917 296 991 dola
312 914 467 1006 ratione,
486 914 534 989 ad
552 912 782 1012 pendendum
801 913 928 988 eodem
950 937 1045 988 auno
1065 914 1200 1012 duplex
1220 914 1334 988 tribu·

217 1049 284 1115 tum
303 1037 422 1135 (quod
439 1060 624 1134 uunquam
643 1046 755 1113 autea
772 1036 885 1114 fando
905 1038 1068 1114 auditum
1085 1032 1180 1134 fuit),
1205 1038 1331 1112 nescio

218 1187 283 1262 qua
300 1164 441 1238 dierum
459 1161 749 1256 intercalatione,
785 1185 833 1236 er
852 1161 980 1238 decem
1010 1163 1118 1238 anuis
1146 1162 1333 1238 solaribus

217 1294 376 1366 lunarem
392 1285 503 1365 uuum
521 1287 702 1385 reliquum
730 1287 1001 1386 confingentes,
1041 1312 1148 1386 quern
1177 1313 1201 1364 a
1226 1287 1333 1362 nobis

220 1415 513 1516 praetermissum
532 1411 798 1488 contenderant
815 1434 912 1504 esse,
931 1412 1244 1512 importunissime
1263 1434 1333 1487 nos

219 1538 428 1638 coegerint?
446 1538 544 1630 Quid
562 1546 684 1614 autem
702 1562 776 1614 uon
796 1538 961 1620 fecimus,
979 1546 1020 1614 ut
1039 1539 1246 1638 exemplum
1265 1537 1336 1612 hoc

220 1664 298 1766 (uon
316 1665 439 1763 ignari
457 1663 570 1738 moris
590 1684 717 1737 corum
734 1663 772 1736 iu
792 1661 988 1737 servandis
1005 1661 1063 1756 iis,
1097 1685 1192 1758 quac
1221 1661 1336 1737 semel

219 1816 354 1893 quoque
372 1791 481 1868 modo
499 1784 720 1887 invenerint)
740 1809 968 1876 caveremus,
998 1811 1079 1864 cum
1097 1789 1159 1862 vel
1176 1812 1221 1863 eo
1240 1788 1333 1884 ipso,

219 1920 308 2016 quod
324 1918 500 1993 tributum
518 1915 638 2012 ipsum
667 1920 855 2010 aequaret,
883 1913 1134 2010 redimendum
1162 1913 1198 1987 id
1227 1912 1334 1987 nobis

219 2038 509 2143 susciperemus?
546 2038 613 2113 sed
631 2038 897 2135 necquicquam
916 2038 1006 2114 fiunt
1025 2039 1158 2130 omnia,
1186 2039 1249 2114 ubi
1277 2061 1334 2113 se·

219 2170 283 2244 mel
299 2168 336 2242 in
354 2170 535 2262 concepta
553 2161 600 2237 de
618 2185 661 2236 re
679 2163 807 2258 aliqua
816 2163 1010 2249 sententia,
1027 2163 1197 2240 inodium
1207 2159 1334 2237 Chris-

219 2297 388 2370 tianorum
414 2290 666 2366 induruerunt.
703 2291 782 2364 Iam
819 2312 909 2366 vcro
936 2289 975 2364 iu
1001 2291 1068 2366 illa
1096 2291 1142 2365 de
1156 2289 1335 2364 limitibus

220 2418 472 2510 controversia,
491 2416 579 2514 quid
593 2415 704 2513 aequi
722 2437 883 2513 uuquam
911 2416 1099 2494 consecuti
1127 2437 1253 2493 sumus
1285 2414 1334 2488 ab

220 2547 296 2622 eis?
313 2546 496 2622 Viderunt
503 2542 574 2618 hoc
583 2562 710 2616 omues
729 2541 839 2638 aequi
857 2549 894 2617 et
912 2541 1038 2641 iniqui,
1047 2541 1184 2618 limites
1194 2541 1243 2616 ad
1252 2561 1334 2615 earn

219 2672 412 2762 formulam,
432 2691 506 2766 qna
523 2667 627 2743 iussu
641 2664 858 2765 Solymauni
867 2667 1048 2765 descripti
1058 2669 1155 2760 olim,
1166 2675 1204 2742 et
1214 2667 1333 2740 Trau-

220 2795 424 2895 sylvauicae
438 2791 567 2870 ditioni
586 2791 754 2867 attrilmti
780 2792 946 2882 luerunt,
984 2816 1070 2880 esse
1097 2791 1335 2891 redigendos,

219 2923 318 3018 idque
334 2928 374 2996 ut
389 2919 507 3010 fieret,
526 2915 652 2992 missis
680 2916 881 3014 aliquoties
910 2917 1064 3007 nunciis,
1094 2918 1265 3016 datisque
1283 2918 1332 2998 ad

220 3068 278 3121 eos
293 3045 420 3138 literis,
440 3043 574 3142 quibus
593 3064 639 3118 ea
658 3063 748 3118 cura
767 3041 991 3118 demandata
1016 3043 1096 3137 fuit,
1126 3068 1199 3121 nou
1219 3043 1334 3119 semel

221 3172 452 3270 perfecerunt,
471 3168 540 3244 sed
558 3191 604 3244 eo
619 3173 759 3244 tantum
777 3146 988 3266 praetextu,
1007 3176 1046 3244 ut
1064 3168 1258 3268 promissis
1277 3169 1331 3243 fa·

221 3299 327 3396 tigati,
345 3307 383 3374 et
400 3315 499 3372 vana
517 3299 586 3392 spe
605 3293 736 3386 delusi,
755 3316 837 3369 cum
855 3317 1040 3391 nunquam
1059 3295 1331 3393 tergiversandi

222 3425 271 3508 eis
287 3425 446 3500 rationes
464 3421 649 3512 deessent,
671 3443 695 3494 a
714 3427 845 3517 coepto
864 3420 1013 3495 taudem
1032 3422 1128 3499 ultro
1139 3422 1334 3498 desistere·

222 3571 301 3623 mus.
334 3548 394 3624 Ita
419 3569 516 3622 nunc
546 3566 692 3642 quoque
719 3567 766 3619 ea
794 3565 856 3619 res
885 3542 1034 3640 integra
1052 3545 1160 3622 uobis
1180 3569 1259 3621 cum
1280 3548 1334 3622 eis

221 3682 341 3768 maret,
358 3673 459 3750 nullo
478 3670 553 3748 alio
572 3675 717 3761 eventu,
737 3691 858 3766 quam,
888 3666 942 3760 uti
970 3671 1164 3747 continuas
1192 3672 1238 3747 dc
1256 3681 1333 3748 tau-

224 3799 267 3874 tis
283 3798 509 3876 finitimorum
528 3797 736 3874 Tmcarum
754 3795 911 3888 iniuriis,
931 3819 1012 3873 cum
1031 3797 1118 3890 risu,
1148 3806 1185 3872 ct
1214 3798 1333 3872 delec-

226 3922 353 4000 tatione
369 3945 507 4012 eorum,
526 3919 789 4020 expostulandi
798 3921 1238 3998 occasioneshabcamns.
1249 3921 1334 4013 Qua

220 4071 301 4124 uero
316 4073 472 4148 unquam
491 4049 530 4124 in
557 4071 599 4124 re
626 4047 854 4145 aequitatem
881 4070 1018 4140 eorum,
1048 4058 1111 4125 aut
1129 4049 1242 4124 animi
1260 4073 1334 4125 mo·

222 4175 436 4253 deratiouem
455 4171 855 4274 perspeximusllnea
873 4172 1061 4266 fortassis,
1083 4174 1180 4272 qnod
1199 4174 1336 4250 Princi-

220 4299 273 4396 pis
290 4301 467 4401 dignitati,
486 4301 572 4378 dum
591 4299 627 4375 ei
645 4298 825 4376 Polouiae
843 4321 999 4396 reguum
1018 4298 1216 4393 deferrent,
1233 4302 1336 4378 lave·

222 4423 302 4510 rint,
325 4450 403 4504 cum
420 4436 543 4502 tamen
564 4424 655 4500 nihil
675 4424 722 4499 iis
741 4425 866 4502 uotiua
889 4430 1001 4514 essct,
1031 4447 1140 4521 quam
1159 4425 1336 4518 Polouos,

222 4550 362 4647 explosa
379 4551 455 4627 iam
482 4549 625 4648 pridem
652 4551 725 4626 hac
751 4572 878 4626 eorum
903 4548 1065 4642 insania,
1104 4551 1166 4648 qui
1185 4552 1275 4628 dare
1293 4576 1336 4629 se

220 4671 262 4763 id,
296 4676 389 4774 quod
415 4697 542 4752 eornm
569 4698 643 4752 uon
672 4683 783 4766 esset,
811 4675 909 4752 falso
937 4675 1127 4770 iactnreut,
1156 4686 1329 4774 quantum
