<?xml version="1.0" encoding="UTF-8"?>
<!DOCTYPE html PUBLIC "-//W3C//DTD XHTML 1.0 Transitional//EN"
    "http://www.w3.org/TR/xhtml1/DTD/xhtml1-transitional.dtd">
<html xmlns="http://www.w3.org/1999/xhtml" xml:lang="en" lang="en">
 <head>
  <title>
</title>
<meta http-equiv="Content-Type" content="text/html;charset=utf-8" />
  <meta name='ocr-system' content='tesseract 3.04.00' />
  <meta name='ocr-capabilities' content='ocr_page ocr_carea ocr_par ocr_line ocrx_word'/>
</head>
<body>
  <div class='ocr_page' id='page_1' title='image "./magyarhistorija00decsgoog_0411.png"; bbox 0 0 3625 5534; ppageno 0'>
   <div class='ocr_carea' id='block_1_1' title="bbox 492 483 1317 565">
    <p class='ocr_par' dir='ltr' id='par_1_1' title="bbox 492 483 1317 565">
     <span class='ocr_line' id='line_1_1' title="bbox 492 483 1317 565; baseline -0.001 -1"><span class='ocrx_word' id='word_1_1' title='bbox 492 509 541 564; x_wconf 80' lang='lat' dir='ltr'>mr</span> <span class='ocrx_word' id='word_1_2' title='bbox 559 508 642 564; x_wconf 81' lang='lat' dir='ltr'>sss.</span> <span class='ocrx_word' id='word_1_3' title='bbox 660 507 746 564; x_wconf 78' lang='lat' dir='ltr'>vrrs.</span> <span class='ocrx_word' id='word_1_4' title='bbox 764 507 848 563; x_wconf 78' lang='lat' dir='ltr'>nno.</span> <span class='ocrx_word' id='word_1_5' title='bbox 866 508 916 562; x_wconf 84' lang='lat' dir='ltr'>xr.</span> <span class='ocrx_word' id='word_1_6' title='bbox 935 510 968 565; x_wconf 80' lang='lat' dir='ltr'>u.</span> <span class='ocrx_word' id='word_1_7' title='bbox 987 509 1025 565; x_wconf 89' lang='lat'>11.</span> <span class='ocrx_word' id='word_1_8' title='bbox 1240 483 1317 564; x_wconf 81' lang='lat'>321</span> 
     </span>
    </p>
   </div>
   <div class='ocr_carea' id='block_1_2' title="bbox 186 684 1363 2930">
    <p class='ocr_par' dir='ltr' id='par_1_2' title="bbox 186 684 1363 2930">
     <span class='ocr_line' id='line_1_2' title="bbox 188 684 1320 784; baseline -0.001 -22"><span class='ocrx_word' id='word_1_9' title='bbox 188 687 337 784; x_wconf 91' lang='lat' dir='ltr'>quidem</span> <span class='ocrx_word' id='word_1_10' title='bbox 365 684 568 761; x_wconf 79' lang='lat' dir='ltr'>seditiosae</span> <span class='ocrx_word' id='word_1_11' title='bbox 597 685 884 784; x_wconf 77' lang='lat' dir='ltr'>conspirationis</span> <span class='ocrx_word' id='word_1_12' title='bbox 913 686 1153 784; x_wconf 76' lang='lat' dir='ltr'>praecipuum</span> <span class='ocrx_word' id='word_1_13' title='bbox 1191 685 1320 762; x_wconf 89' lang='lat' dir='ltr'>antho-</span> 
     </span>
     <span class='ocr_line' id='line_1_3' title="bbox 187 811 1320 909; baseline 0.001 -21"><span class='ocrx_word' id='word_1_14' title='bbox 187 838 267 888; x_wconf 91' lang='lat' dir='ltr'>rem</span> <span class='ocrx_word' id='word_1_15' title='bbox 286 821 324 888; x_wconf 90' lang='lat' dir='ltr'>et</span> <span class='ocrx_word' id='word_1_16' title='bbox 343 813 638 909; x_wconf 79' lang='lat' dir='ltr'>antesignanum,</span> <span class='ocrx_word' id='word_1_17' title='bbox 659 813 954 888; x_wconf 79' lang='lat' dir='ltr'>concionatorem</span> <span class='ocrx_word' id='word_1_18' title='bbox 976 819 1143 887; x_wconf 91' lang='lat' dir='ltr'>vestrum</span> <span class='ocrx_word' id='word_1_19' title='bbox 1164 811 1320 889; x_wconf 88' lang='lat' dir='ltr'>Ambro-</span> 
     </span>
     <span class='ocr_line' id='line_1_4' title="bbox 186 938 1321 1034; baseline -0.003 -17"><span class='ocrx_word' id='word_1_20' title='bbox 186 941 283 1017; x_wconf 87' lang='lat' dir='ltr'>sium</span> <span class='ocrx_word' id='word_1_21' title='bbox 306 938 580 1015; x_wconf 81' lang='lat' dir='ltr'>Dereezkeium</span> <span class='ocrx_word' id='word_1_22' title='bbox 607 939 725 1016; x_wconf 84' lang='lat' dir='ltr'>fuisse</span> <span class='ocrx_word' id='word_1_23' title='bbox 752 947 965 1034; x_wconf 91' lang='lat' dir='ltr'>memorant,</span> <span class='ocrx_word' id='word_1_24' title='bbox 994 941 1139 1016; x_wconf 82' lang='lat' dir='ltr'>vafrum</span> <span class='ocrx_word' id='word_1_25' title='bbox 1168 949 1206 1016; x_wconf 92' lang='lat' dir='ltr'>et</span> <span class='ocrx_word' id='word_1_26' title='bbox 1224 941 1321 1016; x_wconf 88' lang='lat' dir='ltr'>sedl-</span> 
     </span>
     <span class='ocr_line' id='line_1_5' title="bbox 187 1066 1321 1166; baseline -0.001 -25"><span class='ocrx_word' id='word_1_27' title='bbox 187 1067 325 1142; x_wconf 89' lang='lat' dir='ltr'>tiosum</span> <span class='ocrx_word' id='word_1_28' title='bbox 342 1066 538 1158; x_wconf 84' lang='lat' dir='ltr'>hominem,</span> <span class='ocrx_word' id='word_1_29' title='bbox 565 1066 702 1166; x_wconf 84' lang='lat' dir='ltr'>quippe</span> <span class='ocrx_word' id='word_1_30' title='bbox 730 1067 793 1164; x_wconf 89' lang='lat' dir='ltr'>qui</span> <span class='ocrx_word' id='word_1_31' title='bbox 824 1075 899 1142; x_wconf 91' lang='lat' dir='ltr'>tum</span> <span class='ocrx_word' id='word_1_32' title='bbox 929 1067 1095 1148; x_wconf 83' lang='lat' dir='ltr'>ordinem</span> <span class='ocrx_word' id='word_1_33' title='bbox 1115 1066 1321 1158; x_wconf 86' lang='lat' dir='ltr'>militarem,</span> 
     </span>
     <span class='ocr_line' id='line_1_6' title="bbox 187 1184 1322 1291; baseline -0.003 -22"><span class='ocrx_word' id='word_1_34' title='bbox 187 1184 266 1269; x_wconf 88' lang='lat' dir='ltr'>tum</span> <span class='ocrx_word' id='word_1_35' title='bbox 286 1193 398 1268; x_wconf 89' lang='lat' dir='ltr'>etiam</span> <span class='ocrx_word' id='word_1_36' title='bbox 416 1192 607 1291; x_wconf 80' lang='lat' dir='ltr'>politicum</span> <span class='ocrx_word' id='word_1_37' title='bbox 635 1200 771 1268; x_wconf 89' lang='lat' dir='ltr'>statum</span> <span class='ocrx_word' id='word_1_38' title='bbox 801 1193 849 1268; x_wconf 93' lang='lat' dir='ltr'>ad</span> <span class='ocrx_word' id='word_1_39' title='bbox 868 1191 1101 1270; x_wconf 80' lang='lat' dir='ltr'>excitandam</span> <span class='ocrx_word' id='word_1_40' title='bbox 1122 1192 1322 1269; x_wconf 90' lang='lat' dir='ltr'>detestabi-</span> 
     </span>
     <span class='ocr_line' id='line_1_7' title="bbox 187 1315 1322 1393; baseline 0.002 -2"><span class='ocrx_word' id='word_1_41' title='bbox 187 1318 261 1391; x_wconf 88' lang='lat' dir='ltr'>lem</span> <span class='ocrx_word' id='word_1_42' title='bbox 279 1315 377 1390; x_wconf 87' lang='lat' dir='ltr'>hano</span> <span class='ocrx_word' id='word_1_43' title='bbox 395 1315 613 1390; x_wconf 80' lang='lat' dir='ltr'>seditionem</span> <span class='ocrx_word' id='word_1_44' title='bbox 624 1317 829 1392; x_wconf 82' lang='lat' dir='ltr'>oouoitavit.</span> <span class='ocrx_word' id='word_1_45' title='bbox 852 1317 1180 1393; x_wconf 90' lang='lat' dir='ltr'>Verumenimvero</span> <span class='ocrx_word' id='word_1_46' title='bbox 1191 1318 1322 1393; x_wconf 90' lang='lat' dir='ltr'>soiatis</span> 
     </span>
     <span class='ocr_line' id='line_1_8' title="bbox 188 1439 1323 1542; baseline 0.004 -26"><span class='ocrx_word' id='word_1_47' title='bbox 188 1440 302 1516; x_wconf 77' lang='lat' dir='ltr'>uelim</span> <span class='ocrx_word' id='word_1_48' title='bbox 331 1441 403 1517; x_wconf 89' lang='lat' dir='ltr'>hoe</span> <span class='ocrx_word' id='word_1_49' title='bbox 429 1441 617 1538; x_wconf 83' lang='lat' dir='ltr'>negotium</span> <span class='ocrx_word' id='word_1_50' title='bbox 635 1450 712 1516; x_wconf 90' lang='lat' dir='ltr'>tam</span> <span class='ocrx_word' id='word_1_51' title='bbox 741 1439 907 1536; x_wconf 75' lang='lat' dir='ltr'>Caesari,</span> <span class='ocrx_word' id='word_1_52' title='bbox 937 1459 1047 1542; x_wconf 79' lang='lat' dir='ltr'>quum</span> <span class='ocrx_word' id='word_1_53' title='bbox 1075 1444 1183 1520; x_wconf 89' lang='lat' dir='ltr'>nobis</span> <span class='ocrx_word' id='word_1_54' title='bbox 1212 1444 1323 1520; x_wconf 84' lang='lat' dir='ltr'>etiam</span> 
     </span>
     <span class='ocr_line' id='line_1_9' title="bbox 189 1568 1363 1671; baseline 0.002 -28"><span class='ocrx_word' id='word_1_55' title='bbox 189 1591 302 1644; x_wconf 83' lang='lat' dir='ltr'>curae</span> <span class='ocrx_word' id='word_1_56' title='bbox 319 1568 491 1661; x_wconf 87' lang='lat' dir='ltr'>futurum,</span> <span class='ocrx_word' id='word_1_57' title='bbox 518 1576 559 1643; x_wconf 87' lang='lat' dir='ltr'>nt</span> <span class='ocrx_word' id='word_1_58' title='bbox 587 1568 652 1644; x_wconf 91' lang='lat' dir='ltr'>ille</span> <span class='ocrx_word' id='word_1_59' title='bbox 680 1569 847 1646; x_wconf 79' lang='lat' dir='ltr'>nefariae</span> <span class='ocrx_word' id='word_1_60' title='bbox 876 1570 1163 1671; x_wconf 80' lang='lat' dir='ltr'>conspirationis</span> <span class='ocrx_word' id='word_1_61' title='bbox 1192 1572 1324 1648; x_wconf 89' lang='lat' dir='ltr'>author</span> <span class='ocrx_word' id='word_1_62' title='bbox 1355 1642 1363 1656; x_wconf 82' lang='grc'><strong>,</strong></span> 
     </span>
     <span class='ocr_line' id='line_1_10' title="bbox 190 1694 1325 1795; baseline 0.002 -26"><span class='ocrx_word' id='word_1_63' title='bbox 190 1696 295 1770; x_wconf 85' lang='lat' dir='ltr'>iuxta</span> <span class='ocrx_word' id='word_1_64' title='bbox 331 1694 502 1793; x_wconf 77' lang='lat' dir='ltr'>publicos</span> <span class='ocrx_word' id='word_1_65' title='bbox 541 1695 739 1790; x_wconf 70' lang='lat' dir='ltr'>articulos,</span> <span class='ocrx_word' id='word_1_66' title='bbox 774 1703 962 1795; x_wconf 83' lang='lat' dir='ltr'>tamquam</span> <span class='ocrx_word' id='word_1_67' title='bbox 991 1697 1211 1791; x_wconf 90' lang='lat' dir='ltr'>seditiosus,</span> <span class='ocrx_word' id='word_1_68' title='bbox 1247 1703 1325 1772; x_wconf 88' lang='lat' dir='ltr'>tam</span> 
     </span>
     <span class='ocr_line' id='line_1_11' title="bbox 189 1820 1325 1923; baseline 0.004 -29"><span class='ocrx_word' id='word_1_69' title='bbox 189 1821 281 1913; x_wconf 92' lang='lat' dir='ltr'>iure,</span> <span class='ocrx_word' id='word_1_70' title='bbox 310 1843 419 1918; x_wconf 89' lang='lat' dir='ltr'>quam</span> <span class='ocrx_word' id='word_1_71' title='bbox 448 1821 561 1895; x_wconf 89' lang='lat' dir='ltr'>etiam</span> <span class='ocrx_word' id='word_1_72' title='bbox 588 1820 675 1896; x_wconf 88' lang='lat' dir='ltr'>aliis</span> <span class='ocrx_word' id='word_1_73' title='bbox 701 1821 820 1896; x_wconf 89' lang='lat' dir='ltr'>modis</span> <span class='ocrx_word' id='word_1_74' title='bbox 849 1823 1050 1921; x_wconf 89' lang='lat' dir='ltr'>requisitus</span> <span class='ocrx_word' id='word_1_75' title='bbox 1078 1841 1237 1923; x_wconf 87' lang='lat' dir='ltr'>poenam</span> <span class='ocrx_word' id='word_1_76' title='bbox 1257 1825 1325 1898; x_wconf 88' lang='lat' dir='ltr'>ali-</span> 
     </span>
     <span class='ocr_line' id='line_1_12' title="bbox 191 1945 1322 2044; baseline -0.003 -23"><span class='ocrx_word' id='word_1_77' title='bbox 191 1945 339 2044; x_wconf 88' lang='lat' dir='ltr'>quando</span> <span class='ocrx_word' id='word_1_78' title='bbox 370 1945 540 2021; x_wconf 91' lang='lat' dir='ltr'>meritam</span> <span class='ocrx_word' id='word_1_79' title='bbox 576 1945 665 2022; x_wconf 86' lang='lat' dir='ltr'>lust.</span> <span class='ocrx_word' id='word_1_80' title='bbox 702 1946 811 2022; x_wconf 85' lang='lat' dir='ltr'>Nune</span> <span class='ocrx_word' id='word_1_81' title='bbox 847 1955 969 2022; x_wconf 89' lang='lat' dir='ltr'>antem</span> <span class='ocrx_word' id='word_1_82' title='bbox 1006 1969 1053 2021; x_wconf 92' lang='lat' dir='ltr'>ne</span> <span class='ocrx_word' id='word_1_83' title='bbox 1089 1946 1161 2022; x_wconf 86' lang='lat' dir='ltr'>hoo</span> <span class='ocrx_word' id='word_1_84' title='bbox 1187 1947 1322 2024; x_wconf 88' lang='lat' dir='ltr'>malum</span> 
     </span>
     <span class='ocr_line' id='line_1_13' title="bbox 189 2070 1320 2170; baseline 0 -24"><span class='ocrx_word' id='word_1_85' title='bbox 189 2072 463 2170; x_wconf 82' lang='lat' dir='ltr'>pestilentiores</span> <span class='ocrx_word' id='word_1_86' title='bbox 481 2072 629 2148; x_wconf 88' lang='lat' dir='ltr'>radioes</span> <span class='ocrx_word' id='word_1_87' title='bbox 648 2079 748 2169; x_wconf 85' lang='lat' dir='ltr'>agat,</span> <span class='ocrx_word' id='word_1_88' title='bbox 778 2071 944 2146; x_wconf 88' lang='lat' dir='ltr'>misimus</span> <span class='ocrx_word' id='word_1_89' title='bbox 964 2070 1098 2147; x_wconf 88' lang='lat' dir='ltr'>advos</span> <span class='ocrx_word' id='word_1_90' title='bbox 1118 2075 1231 2150; x_wconf 84' lang='lat' dir='ltr'>hosce</span> <span class='ocrx_word' id='word_1_91' title='bbox 1245 2093 1320 2147; x_wconf 89' lang='lat' dir='ltr'>ma·</span> 
     </span>
     <span class='ocr_line' id='line_1_14' title="bbox 190 2196 1321 2297; baseline 0.003 -24"><span class='ocrx_word' id='word_1_92' title='bbox 190 2217 288 2294; x_wconf 84' lang='lat' dir='ltr'>guas</span> <span class='ocrx_word' id='word_1_93' title='bbox 315 2197 553 2274; x_wconf 81' lang='lat' dir='ltr'>authoritatis</span> <span class='ocrx_word' id='word_1_94' title='bbox 572 2207 683 2296; x_wconf 86' lang='lat' dir='ltr'>atque</span> <span class='ocrx_word' id='word_1_95' title='bbox 701 2197 788 2273; x_wconf 85' lang='lat' dir='ltr'>fidei</span> <span class='ocrx_word' id='word_1_96' title='bbox 806 2197 986 2295; x_wconf 81' lang='lat' dir='ltr'>Legatos,</span> <span class='ocrx_word' id='word_1_97' title='bbox 1014 2196 1147 2297; x_wconf 85' lang='lat' dir='ltr'>quibus</span> <span class='ocrx_word' id='word_1_98' title='bbox 1165 2201 1203 2276; x_wconf 92' lang='lat' dir='ltr'>in</span> <span class='ocrx_word' id='word_1_99' title='bbox 1223 2223 1321 2278; x_wconf 89' lang='lat' dir='ltr'>mau-</span> 
     </span>
     <span class='ocr_line' id='line_1_15' title="bbox 190 2322 1322 2417; baseline 0.004 -19"><span class='ocrx_word' id='word_1_100' title='bbox 190 2325 289 2399; x_wconf 90' lang='lat' dir='ltr'>datis</span> <span class='ocrx_word' id='word_1_101' title='bbox 307 2325 485 2417; x_wconf 77' lang='lat' dir='ltr'>dedimus,</span> <span class='ocrx_word' id='word_1_102' title='bbox 515 2333 557 2401; x_wconf 87' lang='lat' dir='ltr'>ut</span> <span class='ocrx_word' id='word_1_103' title='bbox 577 2325 673 2402; x_wconf 94' lang='lat' dir='ltr'>omni</span> <span class='ocrx_word' id='word_1_104' title='bbox 692 2322 835 2400; x_wconf 92' lang='lat' dir='ltr'>meliori</span> <span class='ocrx_word' id='word_1_105' title='bbox 853 2323 961 2398; x_wconf 92' lang='lat' dir='ltr'>modo</span> <span class='ocrx_word' id='word_1_106' title='bbox 981 2324 1087 2400; x_wconf 87' lang='lat' dir='ltr'>initia</span> <span class='ocrx_word' id='word_1_107' title='bbox 1106 2327 1215 2403; x_wconf 88' lang='lat' dir='ltr'>huius</span> <span class='ocrx_word' id='word_1_108' title='bbox 1234 2329 1322 2403; x_wconf 87' lang='lat' dir='ltr'>mali</span> 
     </span>
     <span class='ocr_line' id='line_1_16' title="bbox 190 2443 1322 2548; baseline 0.003 -23"><span class='ocrx_word' id='word_1_109' title='bbox 190 2451 432 2547; x_wconf 74' lang='lat' dir='ltr'>restinguant,</span> <span class='ocrx_word' id='word_1_110' title='bbox 459 2458 648 2548; x_wconf 87' lang='lat' dir='ltr'>totumque</span> <span class='ocrx_word' id='word_1_111' title='bbox 674 2443 863 2547; x_wconf 83' lang='lat' dir='ltr'>negotium</span> <span class='ocrx_word' id='word_1_112' title='bbox 897 2459 1131 2548; x_wconf 84' lang='lat' dir='ltr'>componant.</span> <span class='ocrx_word' id='word_1_113' title='bbox 1169 2454 1322 2529; x_wconf 90' lang='lat' dir='ltr'>Interim</span> 
     </span>
     <span class='ocr_line' id='line_1_17' title="bbox 190 2576 1323 2675; baseline 0.002 -23"><span class='ocrx_word' id='word_1_114' title='bbox 190 2585 313 2652; x_wconf 88' lang='lat' dir='ltr'>autem</span> <span class='ocrx_word' id='word_1_115' title='bbox 341 2599 473 2653; x_wconf 86' lang='lat' dir='ltr'>severe</span> <span class='ocrx_word' id='word_1_116' title='bbox 499 2578 726 2670; x_wconf 88' lang='lat' dir='ltr'>mandamns,</span> <span class='ocrx_word' id='word_1_117' title='bbox 763 2584 804 2652; x_wconf 90' lang='lat' dir='ltr'>ut</span> <span class='ocrx_word' id='word_1_118' title='bbox 831 2576 1002 2675; x_wconf 88' lang='lat' dir='ltr'>deposita</span> <span class='ocrx_word' id='word_1_119' title='bbox 1021 2576 1093 2654; x_wconf 87' lang='lat' dir='ltr'>hae</span> <span class='ocrx_word' id='word_1_120' title='bbox 1120 2580 1323 2656; x_wconf 85' lang='lat' dir='ltr'>animorum</span> 
     </span>
     <span class='ocr_line' id='line_1_18' title="bbox 191 2700 1325 2802; baseline 0.005 -25"><span class='ocrx_word' id='word_1_121' title='bbox 191 2704 453 2796; x_wconf 86' lang='lat' dir='ltr'>obstinatione,</span> <span class='ocrx_word' id='word_1_122' title='bbox 474 2700 688 2778; x_wconf 77' lang='lat' dir='ltr'>Catholioos</span> <span class='ocrx_word' id='word_1_123' title='bbox 707 2725 851 2779; x_wconf 88' lang='lat' dir='ltr'>rursum</span> <span class='ocrx_word' id='word_1_124' title='bbox 870 2702 908 2777; x_wconf 94' lang='lat' dir='ltr'>in</span> <span class='ocrx_word' id='word_1_125' title='bbox 917 2704 1112 2802; x_wconf 84' lang='lat' dir='ltr'>pristinum</span> <span class='ocrx_word' id='word_1_126' title='bbox 1130 2705 1249 2782; x_wconf 85' lang='lat' dir='ltr'>locum</span> <span class='ocrx_word' id='word_1_127' title='bbox 1268 2729 1325 2784; x_wconf 87' lang='lat' dir='ltr'>re·</span> 
     </span>
     <span class='ocr_line' id='line_1_19' title="bbox 191 2829 1323 2930; baseline 0.005 -27"><span class='ocrx_word' id='word_1_128' title='bbox 191 2829 328 2928; x_wconf 75' lang='lat' dir='ltr'>cipere,</span> <span class='ocrx_word' id='word_1_129' title='bbox 359 2853 404 2904; x_wconf 86' lang='lat' dir='ltr'>ao</span> <span class='ocrx_word' id='word_1_130' title='bbox 430 2829 468 2903; x_wconf 86' lang='lat' dir='ltr'>in</span> <span class='ocrx_word' id='word_1_131' title='bbox 486 2830 671 2927; x_wconf 84' lang='lat' dir='ltr'>integrum</span> <span class='ocrx_word' id='word_1_132' title='bbox 688 2829 884 2905; x_wconf 86' lang='lat' dir='ltr'>restituere</span> <span class='ocrx_word' id='word_1_133' title='bbox 909 2831 990 2907; x_wconf 90' lang='lat' dir='ltr'>sine</span> <span class='ocrx_word' id='word_1_134' title='bbox 1007 2833 1323 2930; x_wconf 80' lang='lat' dir='ltr'>tergiversatione</span> 
     </span>
    </p>
   </div>
   <div class='ocr_carea' id='block_1_3' title="bbox 192 2955 1324 3159">
    <p class='ocr_par' dir='ltr' id='par_1_3' title="bbox 192 2955 1324 3159">
     <span class='ocr_line' id='line_1_20' title="bbox 192 2955 1324 3054; baseline 0.004 -25"><span class='ocrx_word' id='word_1_135' title='bbox 192 2956 375 3048; x_wconf 84' lang='lat' dir='ltr'>debeatis,</span> <span class='ocrx_word' id='word_1_136' title='bbox 404 2963 616 3052; x_wconf 83' lang='lat' dir='ltr'>certumque</span> <span class='ocrx_word' id='word_1_137' title='bbox 643 2955 692 3029; x_wconf 86' lang='lat' dir='ltr'>ad</span> <span class='ocrx_word' id='word_1_138' title='bbox 715 2956 809 3031; x_wconf 88' lang='lat' dir='ltr'>haee</span> <span class='ocrx_word' id='word_1_139' title='bbox 827 2971 1047 3054; x_wconf 83' lang='lat' dir='ltr'>responsum</span> <span class='ocrx_word' id='word_1_140' title='bbox 1065 2959 1174 3032; x_wconf 81' lang='lat' dir='ltr'>nobis</span> <span class='ocrx_word' id='word_1_141' title='bbox 1193 2959 1324 3034; x_wconf 88' lang='lat' dir='ltr'>redda-</span> 
     </span>
     <span class='ocr_line' id='line_1_21' title="bbox 192 3080 1102 3159; baseline 0 -2"><span class='ocrx_word' id='word_1_142' title='bbox 192 3082 251 3157; x_wconf 89' lang='lat' dir='ltr'>tis.</span> <span class='ocrx_word' id='word_1_143' title='bbox 271 3082 410 3157; x_wconf 89' lang='lat' dir='ltr'>Datum</span> <span class='ocrx_word' id='word_1_144' title='bbox 428 3083 499 3157; x_wconf 87' lang='lat' dir='ltr'>hoe</span> <span class='ocrx_word' id='word_1_145' title='bbox 517 3082 587 3157; x_wconf 86' lang='lat' dir='ltr'>fuit</span> <span class='ocrx_word' id='word_1_146' title='bbox 604 3080 712 3159; x_wconf 85' lang='lat' dir='ltr'><strong>VIII.</strong></span> <span class='ocrx_word' id='word_1_147' title='bbox 732 3083 822 3158; x_wconf 88' lang='lat' dir='ltr'>Maii</span> <span class='ocrx_word' id='word_1_148' title='bbox 842 3080 1102 3158; x_wconf 79' lang='lat' dir='ltr'><strong>MDXOVIII.</strong></span> 
     </span>
    </p>
   </div>
   <div class='ocr_carea' id='block_1_4' title="bbox 646 3369 855 3385">
    <p class='ocr_par' dir='ltr' id='par_1_4' title="bbox 646 3369 855 3385">
     <span class='ocr_line' id='line_1_22' title="bbox 646 3369 855 3385; baseline 0.005 -1"><span class='ocrx_word' id='word_1_149' title='bbox 646 3369 855 3385; x_wconf 59' lang='lat' dir='ltr'>‘un—--u—</span> 
     </span>
    </p>
   </div>
   <div class='ocr_carea' id='block_1_5' title="bbox 538 3598 974 3683">
    <p class='ocr_par' dir='ltr' id='par_1_5' title="bbox 538 3598 974 3683">
     <span class='ocr_line' id='line_1_23' title="bbox 538 3598 974 3683; baseline 0.007 -3"><span class='ocrx_word' id='word_1_150' title='bbox 538 3600 715 3682; x_wconf 77' lang='lat' dir='ltr'><strong>OAPV&#39;I&#39;</strong></span> <span class='ocrx_word' id='word_1_151' title='bbox 744 3598 974 3683; x_wconf 78' lang='lat' dir='ltr'><strong>SEXTVM.</strong></span> 
     </span>
    </p>
   </div>
   <div class='ocr_carea' id='block_1_6' title="bbox 229 3769 1278 3870">
    <p class='ocr_par' dir='ltr' id='par_1_6' title="bbox 229 3769 1278 3870">
     <span class='ocr_line' id='line_1_24' title="bbox 229 3769 1278 3870; baseline -0.001 -25"><span class='ocrx_word' id='word_1_152' title='bbox 229 3769 289 3846; x_wconf 83' lang='lat' dir='ltr'>De</span> <span class='ocrx_word' id='word_1_153' title='bbox 308 3772 533 3845; x_wconf 72' lang='lat' dir='ltr'>excusatione</span> <span class='ocrx_word' id='word_1_154' title='bbox 560 3770 841 3846; x_wconf 80' lang='lat' dir='ltr'>Varodiensium</span> <span class='ocrx_word' id='word_1_155' title='bbox 860 3773 913 3846; x_wconf 82' lang='lat' dir='ltr'>ad</span> <span class='ocrx_word' id='word_1_156' title='bbox 930 3773 1140 3870; x_wconf 73' lang='lat' dir='ltr'>Principem</span> <span class='ocrx_word' id='word_1_157' title='bbox 1158 3771 1278 3846; x_wconf 82' lang='lat' dir='ltr'>misso.</span> 
     </span>
    </p>
   </div>
   <div class='ocr_carea' id='block_1_7' title="bbox 192 3931 1337 4791">
    <p class='ocr_par' dir='ltr' id='par_1_7' title="bbox 192 3931 1337 4791">
     <span class='ocr_line' id='line_1_25' title="bbox 301 3931 1323 4036; baseline -0.001 -27"><span class='ocrx_word' id='word_1_158' title='bbox 301 3933 505 4031; x_wconf 78' lang='lat' dir='ltr'>Postquam</span> <span class='ocrx_word' id='word_1_159' title='bbox 531 3931 648 4032; x_wconf 75' lang='lat' dir='ltr'>legati</span> <span class='ocrx_word' id='word_1_160' title='bbox 674 3934 860 4036; x_wconf 78' lang='lat' dir='ltr'>Principis</span> <span class='ocrx_word' id='word_1_161' title='bbox 878 3936 1022 4012; x_wconf 84' lang='lat' dir='ltr'>Mariae</span> <span class='ocrx_word' id='word_1_162' title='bbox 1049 3936 1164 4011; x_wconf 80' lang='lat' dir='ltr'>haste</span> <span class='ocrx_word' id='word_1_163' title='bbox 1192 3931 1323 4011; x_wconf 85' lang='lat' dir='ltr'>literas</span> 
     </span>
     <span class='ocr_line' id='line_1_26' title="bbox 192 4057 1325 4159; baseline -0.002 -23"><span class='ocrx_word' id='word_1_164' title='bbox 192 4057 516 4136; x_wconf 80' lang='lat' dir='ltr'>Varadinensibus</span> <span class='ocrx_word' id='word_1_165' title='bbox 533 4058 783 4155; x_wconf 83' lang='lat' dir='ltr'>reddiderunt,</span> <span class='ocrx_word' id='word_1_166' title='bbox 809 4084 857 4137; x_wconf 85' lang='lat' dir='ltr'>ae</span> <span class='ocrx_word' id='word_1_167' title='bbox 881 4059 1013 4136; x_wconf 83' lang='lat' dir='ltr'>verbis·</span> <span class='ocrx_word' id='word_1_168' title='bbox 1028 4073 1174 4159; x_wconf 73' lang='lat' dir='ltr'>unoque</span> <span class='ocrx_word' id='word_1_169' title='bbox 1203 4059 1325 4159; x_wconf 84' lang='lat' dir='ltr'>eopio-</span> 
     </span>
     <span class='ocr_line' id='line_1_27' title="bbox 193 4184 1324 4287; baseline 0.001 -27"><span class='ocrx_word' id='word_1_170' title='bbox 193 4184 251 4260; x_wconf 85' lang='lat' dir='ltr'>sie</span> <span class='ocrx_word' id='word_1_171' title='bbox 266 4184 441 4262; x_wconf 74' lang='lat' dir='ltr'>mandata</span> <span class='ocrx_word' id='word_1_172' title='bbox 460 4195 730 4286; x_wconf 74' lang='lat' dir='ltr'>exposuerunt:</span> <span class='ocrx_word' id='word_1_173' title='bbox 749 4187 895 4263; x_wconf 87' lang='lat' dir='ltr'>nobiles</span> <span class='ocrx_word' id='word_1_174' title='bbox 914 4201 998 4264; x_wconf 71' lang='lat' dir='ltr'>oum</span> <span class='ocrx_word' id='word_1_175' title='bbox 1015 4187 1210 4287; x_wconf 83' lang='lat' dir='ltr'>oppidanis</span> <span class='ocrx_word' id='word_1_176' title='bbox 1229 4205 1324 4261; x_wconf 87' lang='lat' dir='ltr'>oum·</span> 
     </span>
     <span class='ocr_line' id='line_1_28' title="bbox 193 4310 1324 4412; baseline -0.004 -22"><span class='ocrx_word' id='word_1_177' title='bbox 193 4310 378 4390; x_wconf 80' lang='lat' dir='ltr'>munieeto</span> <span class='ocrx_word' id='word_1_178' title='bbox 397 4312 566 4405; x_wconf 86' lang='lat' dir='ltr'>oonsilio,</span> <span class='ocrx_word' id='word_1_179' title='bbox 594 4335 703 4411; x_wconf 89' lang='lat' dir='ltr'>quum</span> <span class='ocrx_word' id='word_1_180' title='bbox 722 4335 876 4389; x_wconf 90' lang='lat' dir='ltr'>resnou</span> <span class='ocrx_word' id='word_1_181' title='bbox 895 4322 998 4388; x_wconf 89' lang='lat' dir='ltr'>esset</span> <span class='ocrx_word' id='word_1_182' title='bbox 1014 4313 1122 4412; x_wconf 85' lang='lat' dir='ltr'>parvi</span> <span class='ocrx_word' id='word_1_183' title='bbox 1141 4311 1324 4400; x_wconf 81' lang='lat' dir='ltr'>momenti,</span> 
     </span>
     <span class='ocr_line' id='line_1_29' title="bbox 194 4435 1337 4538; baseline -0.003 -25"><span class='ocrx_word' id='word_1_184' title='bbox 194 4439 357 4536; x_wconf 80' lang='lat' dir='ltr'>spetlum</span> <span class='ocrx_word' id='word_1_185' title='bbox 373 4438 605 4514; x_wconf 87' lang='lat' dir='ltr'>deliberandi</span> <span class='ocrx_word' id='word_1_186' title='bbox 634 4439 811 4536; x_wconf 82' lang='lat' dir='ltr'>elegatis</span> <span class='ocrx_word' id='word_1_187' title='bbox 831 4438 984 4538; x_wconf 87' lang='lat' dir='ltr'>petiere.</span> <span class='ocrx_word' id='word_1_188' title='bbox 1024 4437 1132 4529; x_wconf 83' lang='lat' dir='ltr'>Quod</span> <span class='ocrx_word' id='word_1_189' title='bbox 1151 4459 1230 4512; x_wconf 91' lang='lat' dir='ltr'>oum</span> <span class='ocrx_word' id='word_1_190' title='bbox 1249 4435 1337 4512; x_wconf 91' lang='lat' dir='ltr'>illis.</span> 
     </span>
     <span class='ocr_line' id='line_1_30' title="bbox 195 4561 1326 4664; baseline -0.002 -24"><span class='ocrx_word' id='word_1_191' title='bbox 195 4585 410 4642; x_wconf 81' lang='lat' dir='ltr'>consessum</span> <span class='ocrx_word' id='word_1_192' title='bbox 429 4572 541 4658; x_wconf 85' lang='lat' dir='ltr'>esset,</span> <span class='ocrx_word' id='word_1_193' title='bbox 560 4565 699 4664; x_wconf 80' lang='lat' dir='ltr'>scripto</span> <span class='ocrx_word' id='word_1_194' title='bbox 719 4565 956 4664; x_wconf 87' lang='lat' dir='ltr'>respondent,</span> <span class='ocrx_word' id='word_1_195' title='bbox 986 4570 1024 4639; x_wconf 90' lang='lat' dir='ltr'>et</span> <span class='ocrx_word' id='word_1_196' title='bbox 1042 4561 1128 4661; x_wconf 90' lang='lat' dir='ltr'>quia</span> <span class='ocrx_word' id='word_1_197' title='bbox 1145 4561 1326 4661; x_wconf 85' lang='lat' dir='ltr'>perieulu-</span> 
     </span>
     <span class='ocr_line' id='line_1_31' title="bbox 196 4690 1329 4791; baseline 0 -25"><span class='ocrx_word' id='word_1_198' title='bbox 196 4715 277 4767; x_wconf 91' lang='lat' dir='ltr'>sum</span> <span class='ocrx_word' id='word_1_199' title='bbox 303 4692 384 4769; x_wconf 87' lang='lat' dir='ltr'>tore</span> <span class='ocrx_word' id='word_1_200' title='bbox 410 4693 593 4791; x_wconf 84' lang='lat' dir='ltr'>putabant</span> <span class='ocrx_word' id='word_1_201' title='bbox 619 4715 696 4766; x_wconf 89' lang='lat' dir='ltr'>rem</span> <span class='ocrx_word' id='word_1_202' title='bbox 727 4691 883 4768; x_wconf 90' lang='lat' dir='ltr'>seorsim</span> <span class='ocrx_word' id='word_1_203' title='bbox 912 4713 977 4789; x_wconf 89' lang='lat' dir='ltr'>per</span> <span class='ocrx_word' id='word_1_204' title='bbox 1004 4698 1126 4766; x_wconf 87' lang='lat' dir='ltr'>eertos</span> <span class='ocrx_word' id='word_1_205' title='bbox 1145 4690 1329 4786; x_wconf 83' lang='lat' dir='ltr'>quosdam·</span> 
     </span>
    </p>
   </div>
   <div class='ocr_carea' id='block_1_8' title="bbox 233 4833 1217 4916">
    <p class='ocr_par' dir='ltr' id='par_1_8' title="bbox 233 4833 1217 4916">
     <span class='ocr_line' id='line_1_32' title="bbox 233 4833 1217 4916; baseline 0.007 -26"><span class='ocrx_word' id='word_1_206' title='bbox 233 4849 348 4891; x_wconf 73' lang='lat' dir='ltr'>uouvu.</span> <span class='ocrx_word' id='word_1_207' title='bbox 360 4851 451 4892; x_wconf 77' lang='lat' dir='ltr'>HVNG.</span> <span class='ocrx_word' id='word_1_208' title='bbox 462 4852 541 4892; x_wconf 67' lang='lat' dir='ltr'>mss.</span> <span class='ocrx_word' id='word_1_209' title='bbox 556 4872 581 4880; x_wconf 90' lang='lat'>-</span> <span class='ocrx_word' id='word_1_210' title='bbox 588 4851 778 4916; x_wconf 61' lang='lat' dir='ltr'><strong>§CRIPTORES</strong></span> <span class='ocrx_word' id='word_1_211' title='bbox 789 4852 859 4892; x_wconf 24' lang='lat' dir='ltr'><strong>XVII*</strong></span> <span class='ocrx_word' id='word_1_212' title='bbox 1175 4833 1217 4898; x_wconf 73' lang='grc'>21</span> 
     </span>
    </p>
   </div>
   <div class='ocr_carea' id='block_1_9' title="bbox 0 0 1830 5534">
    <p class='ocr_par' dir='ltr' id='par_1_9' title="bbox 0 0 1830 5534">
     <span class='ocr_line' id='line_1_33' title="bbox 0 0 1830 5534; baseline 0 0"><span class='ocrx_word' id='word_1_213' title='bbox 0 0 1830 5534; x_wconf 95' lang='lat' dir='ltr'> </span> 
     </span>
    </p>
   </div>
  </div>
 </body>
</html>
