<?xml version="1.0" encoding="UTF-8"?>
<!DOCTYPE html PUBLIC "-//W3C//DTD XHTML 1.0 Transitional//EN"
    "http://www.w3.org/TR/xhtml1/DTD/xhtml1-transitional.dtd">
<html xmlns="http://www.w3.org/1999/xhtml" xml:lang="en" lang="en">
 <head>
  <title>
</title>
<meta http-equiv="Content-Type" content="text/html;charset=utf-8" />
  <meta name='ocr-system' content='tesseract 3.04.00' />
  <meta name='ocr-capabilities' content='ocr_page ocr_carea ocr_par ocr_line ocrx_word'/>
</head>
<body>
  <div class='ocr_page' id='page_1' title='image "./magyarhistorija00decsgoog_0287.png"; bbox 0 0 3625 5534; ppageno 0'>
   <div class='ocr_carea' id='block_1_1' title="bbox 496 437 1334 516">
    <p class='ocr_par' dir='ltr' id='par_1_1' title="bbox 496 437 1334 516">
     <span class='ocr_line' id='line_1_1' title="bbox 496 437 1334 516; baseline -0.001 -2"><span class='ocrx_word' id='word_1_1' title='bbox 496 464 545 514; x_wconf 85' lang='lat' dir='ltr'>ns</span> <span class='ocrx_word' id='word_1_2' title='bbox 563 465 645 515; x_wconf 82' lang='lat' dir='ltr'>run.</span> <span class='ocrx_word' id='word_1_3' title='bbox 665 463 750 515; x_wconf 86' lang='lat' dir='ltr'>vvo.</span> <span class='ocrx_word' id='word_1_4' title='bbox 771 461 854 513; x_wconf 82' lang='lat' dir='ltr'>nuo.</span> <span class='ocrx_word' id='word_1_5' title='bbox 876 463 914 514; x_wconf 84' lang='lat' dir='ltr'>rr.</span> <span class='ocrx_word' id='word_1_6' title='bbox 935 463 969 514; x_wconf 70' lang='lat' dir='ltr'>r..</span> <span class='ocrx_word' id='word_1_7' title='bbox 987 463 1039 515; x_wconf 86' lang='lat' dir='ltr'>rx.</span> <span class='ocrx_word' id='word_1_8' title='bbox 1255 437 1334 516; x_wconf 76' lang='lat'>19⁷</span> 
     </span>
    </p>
   </div>
   <div class='ocr_carea' id='block_1_2' title="bbox 196 637 1332 1365">
    <p class='ocr_par' dir='ltr' id='par_1_2' title="bbox 196 637 1332 1365">
     <span class='ocr_line' id='line_1_2' title="bbox 196 637 1331 738; baseline -0.004 -22"><span class='ocrx_word' id='word_1_9' title='bbox 196 641 353 738; x_wconf 71' lang='lat' dir='ltr'>gientm</span> <span class='ocrx_word' id='word_1_10' title='bbox 380 639 669 736; x_wconf 77' lang='lat' dir='ltr'>insequerentur.</span> <span class='ocrx_word' id='word_1_11' title='bbox 704 637 911 713; x_wconf 77' lang='lat' dir='ltr'>&#39;furcarum</span> <span class='ocrx_word' id='word_1_12' title='bbox 929 639 1144 734; x_wconf 83' lang='lat' dir='ltr'>fngientium</span> <span class='ocrx_word' id='word_1_13' title='bbox 1163 637 1331 738; x_wconf 87' lang='lat' dir='ltr'>plerique</span> 
     </span>
     <span class='ocr_line' id='line_1_3' title="bbox 198 765 1332 863; baseline -0.004 -21"><span class='ocrx_word' id='word_1_14' title='bbox 198 774 342 858; x_wconf 87' lang='lat' dir='ltr'>monte,</span> <span class='ocrx_word' id='word_1_15' title='bbox 364 766 426 863; x_wconf 92' lang='lat' dir='ltr'>qni</span> <span class='ocrx_word' id='word_1_16' title='bbox 453 766 542 840; x_wconf 89' lang='lat' dir='ltr'>bina</span> <span class='ocrx_word' id='word_1_17' title='bbox 569 772 778 840; x_wconf 88' lang='lat' dir='ltr'>nostrorum</span> <span class='ocrx_word' id='word_1_18' title='bbox 808 773 933 839; x_wconf 86' lang='lat' dir='ltr'>castra</span> <span class='ocrx_word' id='word_1_19' title='bbox 958 766 1212 855; x_wconf 89' lang='lat' dir='ltr'>interiacebat,</span> <span class='ocrx_word' id='word_1_20' title='bbox 1239 765 1332 859; x_wconf 80' lang='lat' dir='ltr'>luga</span> 
     </span>
     <span class='ocr_line' id='line_1_4' title="bbox 199 887 1332 990; baseline -0.002 -23"><span class='ocrx_word' id='word_1_21' title='bbox 199 900 394 990; x_wconf 89' lang='lat' dir='ltr'>superato,</span> <span class='ocrx_word' id='word_1_22' title='bbox 413 890 578 966; x_wconf 88' lang='lat' dir='ltr'>subsidio</span> <span class='ocrx_word' id='word_1_23' title='bbox 598 890 644 964; x_wconf 90' lang='lat' dir='ltr'>iis</span> <span class='ocrx_word' id='word_1_24' title='bbox 665 912 871 982; x_wconf 87' lang='lat' dir='ltr'>accurrere,</span> <span class='ocrx_word' id='word_1_25' title='bbox 892 890 952 986; x_wconf 91' lang='lat' dir='ltr'>qui</span> <span class='ocrx_word' id='word_1_26' title='bbox 983 887 1063 964; x_wconf 90' lang='lat' dir='ltr'>oum</span> <span class='ocrx_word' id='word_1_27' title='bbox 1082 891 1246 965; x_wconf 81' lang='lat' dir='ltr'>exercitu</span> <span class='ocrx_word' id='word_1_28' title='bbox 1273 913 1332 965; x_wconf 91' lang='lat' dir='ltr'>oo·</span> 
     </span>
     <span class='ocr_line' id='line_1_5' title="bbox 199 1013 1330 1111; baseline -0.004 -19"><span class='ocrx_word' id='word_1_29' title='bbox 199 1019 306 1092; x_wconf 88' lang='lat' dir='ltr'>mitis</span> <span class='ocrx_word' id='word_1_30' title='bbox 343 1042 367 1091; x_wconf 93' lang='lat' dir='ltr'>a</span> <span class='ocrx_word' id='word_1_31' title='bbox 403 1013 737 1111; x_wconf 76' lang='lat' dir='ltr'>schwartzenberg</span> <span class='ocrx_word' id='word_1_32' title='bbox 775 1013 1026 1088; x_wconf 88' lang='lat' dir='ltr'>decertabant.</span> <span class='ocrx_word' id='word_1_33' title='bbox 1075 1057 1126 1067; x_wconf 95' lang='lat'><em>-</em></span> <span class='ocrx_word' id='word_1_34' title='bbox 1172 1017 1211 1090; x_wconf 89' lang='lat' dir='ltr'>Is</span> <span class='ocrx_word' id='word_1_35' title='bbox 1250 1035 1330 1088; x_wconf 88' lang='lat' dir='ltr'>cnm</span> 
     </span>
     <span class='ocr_line' id='line_1_6' title="bbox 202 1138 1329 1239; baseline -0.006 -21"><span class='ocrx_word' id='word_1_36' title='bbox 202 1145 287 1218; x_wconf 91' lang='lat' dir='ltr'>suis</span> <span class='ocrx_word' id='word_1_37' title='bbox 315 1141 500 1239; x_wconf 90' lang='lat' dir='ltr'>equitibus</span> <span class='ocrx_word' id='word_1_38' title='bbox 528 1145 676 1214; x_wconf 92' lang='lat' dir='ltr'>strenue</span> <span class='ocrx_word' id='word_1_39' title='bbox 706 1138 898 1215; x_wconf 83' lang='lat' dir='ltr'>admodum</span> <span class='ocrx_word' id='word_1_40' title='bbox 927 1161 970 1213; x_wconf 94' lang='lat' dir='ltr'>se</span> <span class='ocrx_word' id='word_1_41' title='bbox 997 1140 1129 1236; x_wconf 77' lang='lat' dir='ltr'>gessit,</span> <span class='ocrx_word' id='word_1_42' title='bbox 1158 1138 1263 1230; x_wconf 87' lang='lat' dir='ltr'>adeo,</span> <span class='ocrx_word' id='word_1_43' title='bbox 1288 1143 1329 1213; x_wconf 89' lang='lat' dir='ltr'>ut</span> 
     </span>
     <span class='ocr_line' id='line_1_7' title="bbox 203 1261 1330 1365; baseline -0.007 -21"><span class='ocrx_word' id='word_1_44' title='bbox 203 1268 379 1365; x_wconf 90' lang='lat' dir='ltr'>quamvis</span> <span class='ocrx_word' id='word_1_45' title='bbox 398 1288 478 1342; x_wconf 94' lang='lat' dir='ltr'>oum</span> <span class='ocrx_word' id='word_1_46' title='bbox 498 1289 564 1341; x_wconf 86' lang='lat' dir='ltr'>sex</span> <span class='ocrx_word' id='word_1_47' title='bbox 584 1265 744 1362; x_wconf 88' lang='lat' dir='ltr'>equitum</span> <span class='ocrx_word' id='word_1_48' title='bbox 755 1264 1005 1340; x_wconf 89' lang='lat' dir='ltr'>Barbarorum</span> <span class='ocrx_word' id='word_1_49' title='bbox 1023 1263 1187 1340; x_wconf 94' lang='lat' dir='ltr'>millibus</span> <span class='ocrx_word' id='word_1_50' title='bbox 1207 1261 1330 1338; x_wconf 90' lang='lat' dir='ltr'>confli-</span> 
     </span>
    </p>
   </div>
   <div class='ocr_carea' id='block_1_3' title="bbox 203 1386 1486 1487">
    <p class='ocr_par' dir='ltr' id='par_1_3' title="bbox 203 1386 1486 1487">
     <span class='ocr_line' id='line_1_8' title="bbox 203 1386 1486 1487; baseline -0.005 -21"><span class='ocrx_word' id='word_1_51' title='bbox 203 1393 316 1482; x_wconf 85' lang='lat' dir='ltr'>xerit,</span> <span class='ocrx_word' id='word_1_52' title='bbox 343 1399 466 1468; x_wconf 61' lang='lat' dir='ltr'>nmen</span> <span class='ocrx_word' id='word_1_53' title='bbox 498 1414 562 1468; x_wconf 91' lang='lat' dir='ltr'>eos</span> <span class='ocrx_word' id='word_1_54' title='bbox 590 1413 742 1466; x_wconf 92' lang='lat' dir='ltr'>numero</span> <span class='ocrx_word' id='word_1_55' title='bbox 769 1390 887 1487; x_wconf 87' lang='lat' dir='ltr'>impar</span> <span class='ocrx_word' id='word_1_56' title='bbox 915 1389 1181 1487; x_wconf 82' lang='lat' dir='ltr'>profligaverit,</span> <span class='ocrx_word' id='word_1_57' title='bbox 1209 1396 1246 1464; x_wconf 88' lang='lat' dir='ltr'>et</span> <span class='ocrx_word' id='word_1_58' title='bbox 1283 1386 1331 1462; x_wconf 90' lang='lat' dir='ltr'>ad</span> <span class='ocrx_word' id='word_1_59' title='bbox 1477 1457 1486 1472; x_wconf 83' lang='grc'><em>,</em></span> 
     </span>
    </p>
   </div>
   <div class='ocr_carea' id='block_1_4' title="bbox 204 1514 1331 2243">
    <p class='ocr_par' dir='ltr' id='par_1_4' title="bbox 204 1514 1331 2243">
     <span class='ocr_line' id='line_1_9' title="bbox 204 1514 1331 1615; baseline -0.005 -22"><span class='ocrx_word' id='word_1_60' title='bbox 204 1541 318 1594; x_wconf 89' lang='lat' dir='ltr'>unum</span> <span class='ocrx_word' id='word_1_61' title='bbox 338 1518 496 1592; x_wconf 82' lang='lat' dir='ltr'>milliare</span> <span class='ocrx_word' id='word_1_62' title='bbox 513 1517 700 1614; x_wconf 85' lang='lat' dir='ltr'>fugientes</span> <span class='ocrx_word' id='word_1_63' title='bbox 725 1521 944 1615; x_wconf 89' lang='lat' dir='ltr'>persecutus</span> <span class='ocrx_word' id='word_1_64' title='bbox 972 1515 1094 1604; x_wconf 85' lang='lat' dir='ltr'>inerit,</span> <span class='ocrx_word' id='word_1_65' title='bbox 1123 1514 1331 1612; x_wconf 89' lang='lat' dir='ltr'>complures</span> 
     </span>
     <span class='ocr_line' id='line_1_10' title="bbox 205 1640 1330 1738; baseline -0.002 -22"><span class='ocrx_word' id='word_1_66' title='bbox 205 1643 417 1737; x_wconf 77' lang='lat' dir='ltr'>caeciderit,</span> <span class='ocrx_word' id='word_1_67' title='bbox 443 1650 480 1717; x_wconf 88' lang='lat' dir='ltr'>et</span> <span class='ocrx_word' id='word_1_68' title='bbox 498 1643 721 1738; x_wconf 85' lang='lat' dir='ltr'>quingentos</span> <span class='ocrx_word' id='word_1_69' title='bbox 748 1641 895 1716; x_wconf 79' lang='lat' dir='ltr'>circiter</span> <span class='ocrx_word' id='word_1_70' title='bbox 916 1663 1032 1736; x_wconf 92' lang='lat' dir='ltr'>equos</span> <span class='ocrx_word' id='word_1_71' title='bbox 1060 1640 1210 1738; x_wconf 89' lang='lat' dir='ltr'>ceperit.</span> <span class='ocrx_word' id='word_1_72' title='bbox 1233 1641 1330 1714; x_wconf 90' lang='lat' dir='ltr'>lute-</span> 
     </span>
     <span class='ocr_line' id='line_1_11' title="bbox 204 1764 1329 1844; baseline -0.004 -1"><span class='ocrx_word' id='word_1_73' title='bbox 204 1769 276 1844; x_wconf 93' lang='lat' dir='ltr'>rim</span> <span class='ocrx_word' id='word_1_74' title='bbox 304 1768 548 1844; x_wconf 84' lang='lat' dir='ltr'>Monsfeldius</span> <span class='ocrx_word' id='word_1_75' title='bbox 576 1790 656 1842; x_wconf 91' lang='lat' dir='ltr'>enm</span> <span class='ocrx_word' id='word_1_76' title='bbox 693 1769 828 1842; x_wconf 92' lang='lat' dir='ltr'>robore</span> <span class='ocrx_word' id='word_1_77' title='bbox 866 1765 1052 1840; x_wconf 82' lang='lat' dir='ltr'>exercitus</span> <span class='ocrx_word' id='word_1_78' title='bbox 1086 1767 1156 1841; x_wconf 91' lang='lat' dir='ltr'>sub</span> <span class='ocrx_word' id='word_1_79' title='bbox 1194 1764 1329 1840; x_wconf 89' lang='lat' dir='ltr'>vinetis</span> 
     </span>
     <span class='ocr_line' id='line_1_12' title="bbox 205 1889 1330 1989; baseline -0.004 -22"><span class='ocrx_word' id='word_1_80' title='bbox 205 1894 435 1984; x_wconf 82' lang='lat' dir='ltr'>substiterat,</span> <span class='ocrx_word' id='word_1_81' title='bbox 456 1902 495 1968; x_wconf 91' lang='lat' dir='ltr'>ut</span> <span class='ocrx_word' id='word_1_82' title='bbox 513 1894 658 1968; x_wconf 81' lang='lat' dir='ltr'>Turoas</span> <span class='ocrx_word' id='word_1_83' title='bbox 678 1915 724 1967; x_wconf 85' lang='lat' dir='ltr'>ex</span> <span class='ocrx_word' id='word_1_84' title='bbox 744 1893 791 1966; x_wconf 92' lang='lat' dir='ltr'>iis</span> <span class='ocrx_word' id='word_1_85' title='bbox 811 1891 986 1989; x_wconf 90' lang='lat' dir='ltr'>depulsos</span> <span class='ocrx_word' id='word_1_86' title='bbox 1005 1891 1204 1989; x_wconf 84' lang='lat' dir='ltr'>exciperet</span> <span class='ocrx_word' id='word_1_87' title='bbox 1223 1889 1330 1963; x_wconf 91' lang='lat' dir='ltr'>Pedi-</span> 
     </span>
     <span class='ocr_line' id='line_1_13' title="bbox 205 2017 1330 2116; baseline -0.004 -22"><span class='ocrx_word' id='word_1_88' title='bbox 205 2029 265 2094; x_wconf 86' lang='lat' dir='ltr'>tes</span> <span class='ocrx_word' id='word_1_89' title='bbox 284 2019 381 2094; x_wconf 92' lang='lat' dir='ltr'>enim</span> <span class='ocrx_word' id='word_1_90' title='bbox 400 2026 599 2104; x_wconf 82' lang='lat' dir='ltr'>nostrates,</span> <span class='ocrx_word' id='word_1_91' title='bbox 621 2040 712 2116; x_wconf 94' lang='lat' dir='ltr'>quos</span> <span class='ocrx_word' id='word_1_92' title='bbox 733 2017 837 2093; x_wconf 87' lang='lat' dir='ltr'>adid</span> <span class='ocrx_word' id='word_1_93' title='bbox 856 2040 900 2092; x_wconf 92' lang='lat' dir='ltr'>eo</span> <span class='ocrx_word' id='word_1_94' title='bbox 929 2017 1064 2092; x_wconf 90' lang='lat' dir='ltr'>missos</span> <span class='ocrx_word' id='word_1_95' title='bbox 1092 2039 1208 2114; x_wconf 91' lang='lat' dir='ltr'>snpra</span> <span class='ocrx_word' id='word_1_96' title='bbox 1235 2039 1330 2090; x_wconf 93' lang='lat' dir='ltr'>com·</span> 
     </span>
     <span class='ocr_line' id='line_1_14' title="bbox 208 2141 1329 2243; baseline -0.004 -25"><span class='ocrx_word' id='word_1_97' title='bbox 208 2143 501 2234; x_wconf 86' lang='lat' dir='ltr'>memoravimus,</span> <span class='ocrx_word' id='word_1_98' title='bbox 540 2144 746 2243; x_wconf 85' lang='lat' dir='ltr'>dispalatos</span> <span class='ocrx_word' id='word_1_99' title='bbox 773 2142 964 2219; x_wconf 87' lang='lat' dir='ltr'>Barbaros</span> <span class='ocrx_word' id='word_1_100' title='bbox 1001 2141 1329 2240; x_wconf 82' lang='lat' dir='ltr'>persequebantur,</span> 
     </span>
    </p>
   </div>
   <div class='ocr_carea' id='block_1_5' title="bbox 208 2265 1345 2745">
    <p class='ocr_par' dir='ltr' id='par_1_5' title="bbox 208 2265 1345 2745">
     <span class='ocr_line' id='line_1_15' title="bbox 208 2265 1345 2365; baseline -0.004 -23"><span class='ocrx_word' id='word_1_101' title='bbox 208 2276 311 2343; x_wconf 80' lang='lat' dir='ltr'>etex</span> <span class='ocrx_word' id='word_1_102' title='bbox 330 2267 417 2362; x_wconf 86' lang='lat' dir='ltr'>ingo</span> <span class='ocrx_word' id='word_1_103' title='bbox 436 2269 570 2344; x_wconf 90' lang='lat' dir='ltr'>montis</span> <span class='ocrx_word' id='word_1_104' title='bbox 588 2269 626 2343; x_wconf 94' lang='lat' dir='ltr'>in</span> <span class='ocrx_word' id='word_1_105' title='bbox 645 2277 801 2365; x_wconf 89' lang='lat' dir='ltr'>utraque</span> <span class='ocrx_word' id='word_1_106' title='bbox 819 2269 941 2342; x_wconf 89' lang='lat' dir='ltr'>latera</span> <span class='ocrx_word' id='word_1_107' title='bbox 959 2290 982 2342; x_wconf 92' lang='lat' dir='ltr'>a</span> <span class='ocrx_word' id='word_1_108' title='bbox 1000 2265 1139 2342; x_wconf 91' lang='lat' dir='ltr'>nostris</span> <span class='ocrx_word' id='word_1_109' title='bbox 1158 2265 1345 2361; x_wconf 88' lang='lat' dir='ltr'>utrinque</span> 
     </span>
     <span class='ocr_line' id='line_1_16' title="bbox 209 2389 1330 2491; baseline -0.003 -24"><span class='ocrx_word' id='word_1_110' title='bbox 209 2391 395 2488; x_wconf 83' lang='lat' dir='ltr'>equitibus</span> <span class='ocrx_word' id='word_1_111' title='bbox 416 2391 573 2468; x_wconf 88' lang='lat' dir='ltr'>obsessa</span> <span class='ocrx_word' id='word_1_112' title='bbox 592 2393 839 2491; x_wconf 86' lang='lat' dir='ltr'>depellebant.</span> <span class='ocrx_word' id='word_1_113' title='bbox 861 2391 973 2466; x_wconf 90' lang='lat' dir='ltr'>Hand</span> <span class='ocrx_word' id='word_1_114' title='bbox 993 2389 1213 2465; x_wconf 89' lang='lat' dir='ltr'>absimiliter</span> <span class='ocrx_word' id='word_1_115' title='bbox 1237 2390 1330 2465; x_wconf 89' lang='lat' dir='ltr'>inte-</span> 
     </span>
     <span class='ocr_line' id='line_1_17' title="bbox 208 2515 1329 2615; baseline 0 -24"><span class='ocrx_word' id='word_1_116' title='bbox 208 2519 276 2591; x_wconf 93' lang='lat' dir='ltr'>rim</span> <span class='ocrx_word' id='word_1_117' title='bbox 296 2515 485 2615; x_wconf 84' lang='lat' dir='ltr'>praesidia</span> <span class='ocrx_word' id='word_1_118' title='bbox 504 2516 665 2594; x_wconf 87' lang='lat' dir='ltr'>Palatini</span> <span class='ocrx_word' id='word_1_119' title='bbox 684 2517 880 2608; x_wconf 83' lang='lat' dir='ltr'>Electoris,</span> <span class='ocrx_word' id='word_1_120' title='bbox 901 2517 964 2614; x_wconf 89' lang='lat' dir='ltr'>qni</span> <span class='ocrx_word' id='word_1_121' title='bbox 983 2515 1143 2614; x_wconf 91' lang='lat' dir='ltr'>Imperio</span> <span class='ocrx_word' id='word_1_122' title='bbox 1158 2515 1329 2613; x_wconf 85' lang='lat' dir='ltr'>Margra-</span> 
     </span>
     <span class='ocr_line' id='line_1_18' title="bbox 208 2640 1330 2745; baseline 0.003 -31"><span class='ocrx_word' id='word_1_123' title='bbox 208 2641 258 2715; x_wconf 93' lang='lat' dir='ltr'>vii</span> <span class='ocrx_word' id='word_1_124' title='bbox 276 2640 530 2732; x_wconf 88' lang='lat' dir='ltr'>subiacebant,</span> <span class='ocrx_word' id='word_1_125' title='bbox 554 2641 780 2745; x_wconf 32' lang='lat' dir='ltr'>et·Vngarici</span> <span class='ocrx_word' id='word_1_126' title='bbox 791 2640 949 2716; x_wconf 91' lang='lat' dir='ltr'>nominis</span> <span class='ocrx_word' id='word_1_127' title='bbox 959 2640 1102 2736; x_wconf 86' lang='lat' dir='ltr'>equites</span> <span class='ocrx_word' id='word_1_128' title='bbox 1112 2640 1330 2716; x_wconf 87' lang='lat' dir='ltr'>acerrimum</span> 
     </span>
    </p>
   </div>
   <div class='ocr_carea' id='block_1_6' title="bbox 207 2765 1397 4730">
    <p class='ocr_par' dir='ltr' id='par_1_6' title="bbox 207 2765 1397 4730">
     <span class='ocr_line' id='line_1_19' title="bbox 209 2765 1330 2862; baseline 0.004 -24"><span class='ocrx_word' id='word_1_129' title='bbox 209 2765 304 2840; x_wconf 86' lang='lat' dir='ltr'>inter</span> <span class='ocrx_word' id='word_1_130' title='bbox 331 2767 456 2840; x_wconf 88' lang='lat' dir='ltr'>vineta</span> <span class='ocrx_word' id='word_1_131' title='bbox 485 2787 565 2842; x_wconf 93' lang='lat' dir='ltr'>oum</span> <span class='ocrx_word' id='word_1_132' title='bbox 585 2766 766 2842; x_wconf 90' lang='lat' dir='ltr'>Barbaris</span> <span class='ocrx_word' id='word_1_133' title='bbox 795 2765 976 2862; x_wconf 88' lang='lat' dir='ltr'>praelium</span> <span class='ocrx_word' id='word_1_134' title='bbox 1004 2767 1259 2856; x_wconf 81' lang='lat' dir='ltr'>conserebant,</span> <span class='ocrx_word' id='word_1_135' title='bbox 1285 2791 1330 2842; x_wconf 92' lang='lat' dir='ltr'>eo</span> 
     </span>
     <span class='ocr_line' id='line_1_20' title="bbox 207 2890 1330 2987; baseline 0.003 -23"><span class='ocrx_word' id='word_1_136' title='bbox 207 2897 350 2982; x_wconf 91' lang='lat' dir='ltr'>eventu,</span> <span class='ocrx_word' id='word_1_137' title='bbox 387 2899 428 2967; x_wconf 90' lang='lat' dir='ltr'>ut</span> <span class='ocrx_word' id='word_1_138' title='bbox 445 2892 636 2987; x_wconf 84' lang='lat' dir='ltr'>quingenti</span> <span class='ocrx_word' id='word_1_139' title='bbox 662 2915 708 2967; x_wconf 86' lang='lat' dir='ltr'>ex</span> <span class='ocrx_word' id='word_1_140' title='bbox 738 2891 903 2986; x_wconf 86' lang='lat' dir='ltr'>Vngaris</span> <span class='ocrx_word' id='word_1_141' title='bbox 932 2891 1117 2987; x_wconf 90' lang='lat' dir='ltr'>equitibus</span> <span class='ocrx_word' id='word_1_142' title='bbox 1147 2890 1330 2967; x_wconf 89' lang='lat' dir='ltr'>subsidia-</span> 
     </span>
     <span class='ocr_line' id='line_1_21' title="bbox 208 3014 1331 3113; baseline 0 -25"><span class='ocrx_word' id='word_1_143' title='bbox 208 3015 273 3088; x_wconf 89' lang='lat' dir='ltr'>riis</span> <span class='ocrx_word' id='word_1_144' title='bbox 290 3014 476 3109; x_wconf 81' lang='lat' dir='ltr'>fugientes</span> <span class='ocrx_word' id='word_1_145' title='bbox 489 3016 634 3090; x_wconf 84' lang='lat' dir='ltr'>Tureas</span> <span class='ocrx_word' id='word_1_146' title='bbox 653 3015 956 3113; x_wconf 81' lang='lat' dir='ltr'>praevenientes,</span> <span class='ocrx_word' id='word_1_147' title='bbox 972 3038 1108 3110; x_wconf 81' lang='lat' dir='ltr'>magna</span> <span class='ocrx_word' id='word_1_148' title='bbox 1126 3035 1192 3088; x_wconf 92' lang='lat' dir='ltr'>eos</span> <span class='ocrx_word' id='word_1_149' title='bbox 1202 3020 1331 3110; x_wconf 84' lang='lat' dir='ltr'>strage</span> 
     </span>
     <span class='ocr_line' id='line_1_22' title="bbox 210 3138 1327 3215; baseline 0.002 -3"><span class='ocrx_word' id='word_1_150' title='bbox 210 3139 408 3212; x_wconf 81' lang='lat' dir='ltr'>affecerint.</span> <span class='ocrx_word' id='word_1_151' title='bbox 446 3139 596 3214; x_wconf 90' lang='lat' dir='ltr'>Interim</span> <span class='ocrx_word' id='word_1_152' title='bbox 624 3162 670 3213; x_wconf 92' lang='lat' dir='ltr'>ne</span> <span class='ocrx_word' id='word_1_153' title='bbox 699 3147 737 3214; x_wconf 90' lang='lat' dir='ltr'>et</span> <span class='ocrx_word' id='word_1_154' title='bbox 766 3139 912 3215; x_wconf 89' lang='lat' dir='ltr'>obsessi</span> <span class='ocrx_word' id='word_1_155' title='bbox 940 3139 1125 3215; x_wconf 88' lang='lat' dir='ltr'>occasioni</span> <span class='ocrx_word' id='word_1_156' title='bbox 1164 3138 1327 3214; x_wconf 83' lang='lat' dir='ltr'>defuisse</span> 
     </span>
     <span class='ocr_line' id='line_1_23' title="bbox 211 3262 1330 3361; baseline 0.002 -25"><span class='ocrx_word' id='word_1_157' title='bbox 211 3263 432 3354; x_wconf 91' lang='lat' dir='ltr'>viderentur,</span> <span class='ocrx_word' id='word_1_158' title='bbox 452 3286 531 3338; x_wconf 91' lang='lat' dir='ltr'>cnm</span> <span class='ocrx_word' id='word_1_159' title='bbox 552 3263 677 3339; x_wconf 88' lang='lat' dir='ltr'>decern</span> <span class='ocrx_word' id='word_1_160' title='bbox 697 3262 998 3338; x_wconf 86' lang='lat' dir='ltr'>vexillationibus</span> <span class='ocrx_word' id='word_1_161' title='bbox 1017 3264 1109 3338; x_wconf 87' lang='lat' dir='ltr'>mbe</span> <span class='ocrx_word' id='word_1_162' title='bbox 1119 3273 1330 3361; x_wconf 89' lang='lat' dir='ltr'>eruperunt,</span> 
     </span>
     <span class='ocr_line' id='line_1_24' title="bbox 212 3387 1330 3485; baseline 0.001 -23"><span class='ocrx_word' id='word_1_163' title='bbox 212 3395 247 3462; x_wconf 84' lang='lat' dir='ltr'>et</span> <span class='ocrx_word' id='word_1_164' title='bbox 265 3387 462 3462; x_wconf 88' lang='lat' dir='ltr'>associatis</span> <span class='ocrx_word' id='word_1_165' title='bbox 491 3388 562 3462; x_wconf 92' lang='lat' dir='ltr'>sibi</span> <span class='ocrx_word' id='word_1_166' title='bbox 591 3411 789 3464; x_wconf 91' lang='lat' dir='ltr'>enumero</span> <span class='ocrx_word' id='word_1_167' title='bbox 818 3389 1020 3463; x_wconf 89' lang='lat' dir='ltr'>recentium</span> <span class='ocrx_word' id='word_1_168' title='bbox 1049 3391 1238 3485; x_wconf 90' lang='lat' dir='ltr'>copiarum</span> <span class='ocrx_word' id='word_1_169' title='bbox 1257 3411 1330 3463; x_wconf 94' lang='lat' dir='ltr'>non</span> 
     </span>
     <span class='ocr_line' id='line_1_25' title="bbox 212 3513 1327 3611; baseline 0.002 -25"><span class='ocrx_word' id='word_1_170' title='bbox 212 3513 348 3610; x_wconf 89' lang='lat' dir='ltr'>paucis,</span> <span class='ocrx_word' id='word_1_171' title='bbox 362 3514 699 3611; x_wconf 87' lang='lat' dir='ltr'>rursus,perruptis</span> <span class='ocrx_word' id='word_1_172' title='bbox 710 3513 827 3587; x_wconf 92' lang='lat' dir='ltr'>vineis</span> <span class='ocrx_word' id='word_1_173' title='bbox 839 3513 1176 3610; x_wconf 88' lang='lat' dir='ltr'>munitionibusque</span> <span class='ocrx_word' id='word_1_174' title='bbox 1185 3523 1327 3590; x_wconf 91' lang='lat' dir='ltr'>nostro-</span> 
     </span>
     <span class='ocr_line' id='line_1_26' title="bbox 210 3637 1330 3737; baseline -0.001 -25"><span class='ocrx_word' id='word_1_175' title='bbox 210 3661 296 3728; x_wconf 89' lang='lat' dir='ltr'>rum,</span> <span class='ocrx_word' id='word_1_176' title='bbox 316 3639 353 3713; x_wconf 93' lang='lat' dir='ltr'>in</span> <span class='ocrx_word' id='word_1_177' title='bbox 371 3640 497 3712; x_wconf 92' lang='lat' dir='ltr'>urbem</span> <span class='ocrx_word' id='word_1_178' title='bbox 517 3660 558 3712; x_wconf 91' lang='lat' dir='ltr'>se</span> <span class='ocrx_word' id='word_1_179' title='bbox 577 3639 742 3737; x_wconf 91' lang='lat' dir='ltr'>recipere</span> <span class='ocrx_word' id='word_1_180' title='bbox 763 3639 887 3714; x_wconf 87' lang='lat' dir='ltr'>eonati</span> <span class='ocrx_word' id='word_1_181' title='bbox 896 3639 1053 3714; x_wconf 86' lang='lat' dir='ltr'>luerunt</span> <span class='ocrx_word' id='word_1_182' title='bbox 1074 3637 1330 3715; x_wconf 87' lang='lat' dir='ltr'>Sedauostris</span> 
     </span>
     <span class='ocr_line' id='line_1_27' title="bbox 210 3761 1327 3861; baseline -0.001 -24"><span class='ocrx_word' id='word_1_183' title='bbox 210 3761 345 3852; x_wconf 89' lang='lat' dir='ltr'>reiecti,</span> <span class='ocrx_word' id='word_1_184' title='bbox 373 3766 411 3835; x_wconf 88' lang='lat' dir='ltr'>et</span> <span class='ocrx_word' id='word_1_185' title='bbox 431 3784 567 3856; x_wconf 83' lang='lat' dir='ltr'>magna</span> <span class='ocrx_word' id='word_1_186' title='bbox 586 3786 633 3838; x_wconf 84' lang='lat' dir='ltr'>ex</span> <span class='ocrx_word' id='word_1_187' title='bbox 651 3771 759 3861; x_wconf 88' lang='lat' dir='ltr'>parte</span> <span class='ocrx_word' id='word_1_188' title='bbox 779 3763 879 3838; x_wconf 87' lang='lat' dir='ltr'>eaesi</span> <span class='ocrx_word' id='word_1_189' title='bbox 897 3763 1013 3853; x_wconf 85' lang='lat' dir='ltr'>fuere,</span> <span class='ocrx_word' id='word_1_190' title='bbox 1040 3770 1144 3839; x_wconf 90' lang='lat' dir='ltr'>tanto</span> <span class='ocrx_word' id='word_1_191' title='bbox 1164 3785 1327 3852; x_wconf 91' lang='lat' dir='ltr'>numero,</span> 
     </span>
     <span class='ocr_line' id='line_1_28' title="bbox 211 3885 1328 3984; baseline 0.001 -24"><span class='ocrx_word' id='word_1_192' title='bbox 211 3894 248 3960; x_wconf 89' lang='lat' dir='ltr'>ut</span> <span class='ocrx_word' id='word_1_193' title='bbox 268 3885 610 3984; x_wconf 84' lang='lat' dir='ltr'>vixperemptorum</span> <span class='ocrx_word' id='word_1_194' title='bbox 623 3888 809 3963; x_wconf 90' lang='lat' dir='ltr'>cadavera</span> <span class='ocrx_word' id='word_1_195' title='bbox 818 3910 863 3961; x_wconf 93' lang='lat' dir='ltr'>eo</span> <span class='ocrx_word' id='word_1_196' title='bbox 875 3887 935 3961; x_wconf 92' lang='lat' dir='ltr'>die</span> <span class='ocrx_word' id='word_1_197' title='bbox 945 3909 992 3960; x_wconf 83' lang='lat' dir='ltr'>ex</span> <span class='ocrx_word' id='word_1_198' title='bbox 1001 3888 1116 3963; x_wconf 84' lang='lat' dir='ltr'>fossis</span> <span class='ocrx_word' id='word_1_199' title='bbox 1128 3887 1213 3960; x_wconf 91' lang='lat' dir='ltr'>eiici</span> <span class='ocrx_word' id='word_1_200' title='bbox 1224 3895 1328 3983; x_wconf 88' lang='lat' dir='ltr'>potu·</span> 
     </span>
     <span class='ocr_line' id='line_1_29' title="bbox 211 4007 1326 4087; baseline 0.002 -3"><span class='ocrx_word' id='word_1_201' title='bbox 211 4011 316 4084; x_wconf 91' lang='lat' dir='ltr'>erint.</span> <span class='ocrx_word' id='word_1_202' title='bbox 335 4007 487 4086; x_wconf 91' lang='lat' dir='ltr'>Periere</span> <span class='ocrx_word' id='word_1_203' title='bbox 507 4013 544 4086; x_wconf 93' lang='lat' dir='ltr'>in</span> <span class='ocrx_word' id='word_1_204' title='bbox 565 4034 609 4086; x_wconf 92' lang='lat' dir='ltr'>eo</span> <span class='ocrx_word' id='word_1_205' title='bbox 630 4011 677 4085; x_wconf 86' lang='lat' dir='ltr'>ad</span> <span class='ocrx_word' id='word_1_206' title='bbox 696 4011 925 4087; x_wconf 83' lang='lat' dir='ltr'>munitiones·</span> <span class='ocrx_word' id='word_1_207' title='bbox 940 4008 1111 4086; x_wconf 87' lang='lat' dir='ltr'>conflictu</span> <span class='ocrx_word' id='word_1_208' title='bbox 1130 4010 1187 4086; x_wconf 91' lang='lat' dir='ltr'>IV</span> <span class='ocrx_word' id='word_1_209' title='bbox 1207 4018 1326 4086; x_wconf 88' lang='lat' dir='ltr'>custo·</span> 
     </span>
     <span class='ocr_line' id='line_1_30' title="bbox 211 4133 1326 4232; baseline 0 -25"><span class='ocrx_word' id='word_1_210' title='bbox 211 4135 275 4209; x_wconf 89' lang='lat' dir='ltr'>des</span> <span class='ocrx_word' id='word_1_211' title='bbox 303 4133 559 4226; x_wconf 88' lang='lat' dir='ltr'>munitionum,</span> <span class='ocrx_word' id='word_1_212' title='bbox 598 4143 635 4209; x_wconf 88' lang='lat' dir='ltr'>et</span> <span class='ocrx_word' id='word_1_213' title='bbox 664 4135 931 4232; x_wconf 81' lang='lat' dir='ltr'>qninquaginta</span> <span class='ocrx_word' id='word_1_214' title='bbox 968 4134 1112 4232; x_wconf 90' lang='lat' dir='ltr'>pedites</span> <span class='ocrx_word' id='word_1_215' title='bbox 1132 4135 1326 4232; x_wconf 84' lang='lat' dir='ltr'>Vngarici.</span> 
     </span>
     <span class='ocr_line' id='line_1_31' title="bbox 214 4241 1326 4352; baseline 0.003 -20"><span class='ocrx_word' id='word_1_216' title='bbox 214 4258 282 4332; x_wconf 87' lang='lat' dir='ltr'>llis</span> <span class='ocrx_word' id='word_1_217' title='bbox 301 4260 414 4334; x_wconf 91' lang='lat' dir='ltr'>rebus</span> <span class='ocrx_word' id='word_1_218' title='bbox 433 4261 471 4334; x_wconf 94' lang='lat' dir='ltr'>in</span> <span class='ocrx_word' id='word_1_219' title='bbox 489 4262 585 4336; x_wconf 92' lang='lat' dir='ltr'>bunc</span> <span class='ocrx_word' id='word_1_220' title='bbox 603 4261 747 4336; x_wconf 93' lang='lat' dir='ltr'>modum</span> <span class='ocrx_word' id='word_1_221' title='bbox 758 4241 938 4336; x_wconf 85' lang='lat' dir='ltr'>conlectis</span> <span class='ocrx_word' id='word_1_222' title='bbox 949 4259 1118 4352; x_wconf 78' lang='lat' dir='ltr'>Carolus,</span> <span class='ocrx_word' id='word_1_223' title='bbox 1129 4284 1175 4336; x_wconf 90' lang='lat' dir='ltr'>ne</span> <span class='ocrx_word' id='word_1_224' title='bbox 1191 4261 1326 4335; x_wconf 88' lang='lat' dir='ltr'>milites</span> 
     </span>
     <span class='ocr_line' id='line_1_32' title="bbox 214 4381 1327 4483; baseline 0.004 -28"><span class='ocrx_word' id='word_1_225' title='bbox 214 4381 340 4458; x_wconf 87' lang='lat' dir='ltr'>labore</span> <span class='ocrx_word' id='word_1_226' title='bbox 377 4385 510 4481; x_wconf 89' lang='lat' dir='ltr'>praelii</span> <span class='ocrx_word' id='word_1_227' title='bbox 546 4387 767 4483; x_wconf 86' lang='lat' dir='ltr'>fervoreque</span> <span class='ocrx_word' id='word_1_228' title='bbox 796 4386 887 4460; x_wconf 88' lang='lat' dir='ltr'>solis</span> <span class='ocrx_word' id='word_1_229' title='bbox 915 4386 1038 4460; x_wconf 86' lang='lat' dir='ltr'>fessos</span> <span class='ocrx_word' id='word_1_230' title='bbox 1066 4385 1223 4482; x_wconf 89' lang='lat' dir='ltr'>amplius</span> <span class='ocrx_word' id='word_1_231' title='bbox 1246 4385 1327 4460; x_wconf 84' lang='lat' dir='ltr'>fati-</span> 
     </span>
     <span class='ocr_line' id='line_1_33' title="bbox 216 4509 1397 4608; baseline 0.005 -26"><span class='ocrx_word' id='word_1_232' title='bbox 216 4515 331 4599; x_wconf 83' lang='lat' dir='ltr'>garet,</span> <span class='ocrx_word' id='word_1_233' title='bbox 370 4509 497 4608; x_wconf 89' lang='lat' dir='ltr'>copias</span> <span class='ocrx_word' id='word_1_234' title='bbox 527 4511 682 4602; x_wconf 85' lang='lat' dir='ltr'>reduxit,</span> <span class='ocrx_word' id='word_1_235' title='bbox 709 4520 747 4585; x_wconf 91' lang='lat' dir='ltr'>et</span> <span class='ocrx_word' id='word_1_236' title='bbox 774 4509 822 4585; x_wconf 88' lang='lat' dir='ltr'>ad</span> <span class='ocrx_word' id='word_1_237' title='bbox 844 4531 934 4584; x_wconf 84' lang='lat' dir='ltr'>suas</span> <span class='ocrx_word' id='word_1_238' title='bbox 963 4509 1169 4604; x_wconf 88' lang='lat' dir='ltr'>quibusque</span> <span class='ocrx_word' id='word_1_239' title='bbox 1198 4510 1326 4584; x_wconf 87' lang='lat' dir='ltr'>statio·</span> <span class='ocrx_word' id='word_1_240' title='bbox 1391 4579 1397 4588; x_wconf 82' lang='lat'><strong>.</strong></span> 
     </span>
     <span class='ocr_line' id='line_1_34' title="bbox 216 4631 1328 4730; baseline 0.004 -26"><span class='ocrx_word' id='word_1_241' title='bbox 216 4653 279 4706; x_wconf 91' lang='lat' dir='ltr'>nes</span> <span class='ocrx_word' id='word_1_242' title='bbox 315 4633 438 4708; x_wconf 90' lang='lat' dir='ltr'>redire</span> <span class='ocrx_word' id='word_1_243' title='bbox 475 4634 593 4709; x_wconf 88' lang='lat' dir='ltr'>iussit.</span> <span class='ocrx_word' id='word_1_244' title='bbox 630 4635 854 4711; x_wconf 87' lang='lat' dir='ltr'>Rosambum</span> <span class='ocrx_word' id='word_1_245' title='bbox 884 4631 1229 4727; x_wconf 89' lang='lat' dir='ltr'>Vicecapitaneum,</span> <span class='ocrx_word' id='word_1_246' title='bbox 1266 4635 1328 4730; x_wconf 90' lang='lat' dir='ltr'>qui</span> 
     </span>
    </p>
   </div>
   <div class='ocr_carea' id='block_1_7' title="bbox 0 0 1830 5534">
    <p class='ocr_par' dir='ltr' id='par_1_7' title="bbox 0 0 1830 5534">
     <span class='ocr_line' id='line_1_35' title="bbox 0 0 1830 5534; baseline 0 0"><span class='ocrx_word' id='word_1_247' title='bbox 0 0 1830 5534; x_wconf 95' lang='lat' dir='ltr'> </span> 
     </span>
    </p>
   </div>
  </div>
 </body>
</html>
