3625 5534
509 487 557 537 nn
575 488 655 538 nnn.
676 487 865 540 undeno.
883 491 920 542 x.
942 491 975 544 n.
995 493 1018 541 1.
1067 497 1071 505 ⁴
1272 473 1322 549 13

214 656 314 733 dibile
333 659 400 752 sit,
431 659 682 753 exhilaratus,
711 663 839 738 mirum
860 665 896 740 in
920 666 1065 742 modum
1092 668 1222 744 iamin
1241 671 1324 747 sinu

213 785 397 882 gaudebat,
418 787 679 864 demonstratis
698 788 811 885 igitur
832 790 875 878 ei,
896 794 1074 885 omnibns,
1095 819 1190 892 quae
1209 796 1324 894 digna

212 911 285 988 risu
301 913 467 1007 indicari,
485 922 677 1014 poterant,
698 918 827 1000 ambos
847 917 952 1016 ipsos
971 920 1158 1017 legatum,
1178 946 1223 998 ac
1240 948 1324 1021 pro

213 1034 353 1114 ditorem
382 1062 533 1116 mensae
561 1063 652 1117 snae
681 1041 851 1134 adhibet,
882 1053 920 1120 et
947 1046 1063 1122 variis
1091 1049 1322 1125 sermonibus

211 1162 295 1239 inter
312 1167 443 1265 epulas
471 1165 630 1259 habitis,
660 1167 768 1272 quasi
788 1167 944 1244 amicum
974 1195 1066 1270 erga
1085 1196 1151 1250 eos
1178 1175 1323 1251 foveret

111 1269 117 1284 ’
211 1289 376 1384 animum,
395 1292 497 1368 lanto
515 1293 619 1391 ipsos
640 1293 785 1392 accipit.
814 1295 903 1369 Mox
922 1298 1061 1373 mensis
1080 1301 1242 1392 remotis,
1269 1302 1322 1376 iu·
1370 1377 1374 1382 ,

210 1415 264 1490 bet
277 1424 471 1517 utrumque
499 1419 677 1494 acerrime
697 1419 846 1513 vinciri,
876 1420 1095 1522 vinctosque
1114 1450 1182 1525 per
1199 1428 1321 1504 fenes-

209 1547 277 1615 tras
302 1542 434 1641 palatii
464 1544 502 1618 in
522 1541 659 1619 Sarum
680 1542 830 1619 fluvium
849 1567 974 1621 muros
1000 1550 1198 1627 alluentem
1216 1574 1322 1651 prae-

209 1664 353 1764 cipitari.
383 1670 540 1746 Exactis
557 1678 690 1768 postea
718 1669 861 1767 aliquot
880 1672 1022 1767 diebus,
1042 1676 1169 1752 mirari
1187 1679 1321 1771 Bassa,

209 1803 329 1870 etcum
347 1796 559 1894 praecipuis
578 1816 749 1889 suorum,
769 1819 834 1871 cur
853 1798 1003 1873 nuntius
1022 1802 1153 1900 elapso
1167 1809 1227 1880 ,tot
1246 1805 1321 1881 die-

208 1943 278 1996 rum
295 1921 490 1998 intervallo
510 1922 620 1998 adse
639 1943 713 1998 non
731 1930 994 2017 reverteretur,
1015 1926 1233 2025 disquirere,
1253 1932 1320 2006 ita

211 2069 271 2142 quc
289 2047 398 2124 misso
419 2049 538 2124 altero
562 2047 690 2124 nuntio
718 2048 918 2146 imperiose
944 2051 1140 2130 denunciat
1166 2053 1319 2147 Abbati,

213 2193 248 2246 ac
271 2173 422 2250 adiectis
449 2197 519 2273 pro
546 2173 772 2250 authoritate
801 2175 929 2267 minis,
959 2177 1073 2271 sciat,
1093 2201 1151 2273 se,
1170 2180 1205 2255 si
1222 2182 1319 2257 torte

213 2319 278 2372 enm
297 2300 558 2377 contumeliose
577 2301 856 2398 intercepisset,
885 2303 988 2399 pari,
1018 2305 1216 2380 autetiam
1244 2329 1319 2381 ma-

212 2423 276 2499 iore
293 2426 328 2500 id
354 2429 513 2521 lactum,
540 2428 675 2504 iniuria
702 2437 1022 2526 compensaturum
1050 2453 1145 2506 esse.
1174 2430 1317 2523 Abbas,

213 2554 398 2652 composito
418 2555 467 2628 ad
486 2553 774 2632 moderationem
795 2556 911 2648 vultu,
930 2558 1140 2654 respondit,
1169 2581 1211 2632 se
1231 2581 1316 2633 nnn·

210 2677 284 2752 tium
311 2705 356 2756 ex
376 2705 463 2758 arce
482 2683 627 2758 omnino
647 2682 837 2773 emisisse,
867 2681 1018 2780 quodsi
1038 2685 1069 2758 is
1089 2683 1138 2759 ad
1157 2686 1318 2761 Bassam

210 2827 270 2880 non
288 2809 517 2899 revertisset,
537 2811 616 2910 eius
627 2833 668 2885 se
687 2808 851 2884 oriminis
866 2807 966 2884 haud
984 2833 1171 2907 quaquam
1188 2812 1317 2886 teneri.

208 2931 344 3012 Interim
371 2937 567 3035 pollicetur
587 2959 648 3029 se,
675 2937 847 3034 quoniam
872 2958 1021 3012 suarum
1048 2937 1166 3034 probe
1186 2937 1317 3011 virium

207 3063 372 3154 conscius,
393 3086 516 3138 arcem
535 3063 690 3138 ulterius
710 3061 806 3137 tueri
825 3085 898 3137 non
910 3070 1050 3161 posset,
1071 3086 1152 3138 eam
1170 3063 1316 3138 omnino

207 3189 338 3264 Bassam
363 3188 602 3280 traditurum,
631 3190 700 3265 sed
718 3189 777 3264 his
797 3189 1089 3280 conditionibus,
1118 3196 1157 3263 ut
1186 3197 1316 3264 exacto

205 3315 331 3408 triduo,
351 3317 499 3393 nonnisi
519 3316 786 3392 scientissimos
806 3316 970 3391 exomni
999 3337 1147 3391 suorum
1166 3337 1316 3391 numero

205 3463 366 3536 proceres
395 3441 445 3516 ad
464 3441 714 3540 accipiendam
743 3465 867 3516 arcem
888 3441 1069 3531 mitteret,
1098 3464 1172 3517 non
1198 3465 1315 3538 parvo

205 3565 288 3642 enim
306 3567 480 3644 dedecori
499 3567 572 3642 sibi
596 3568 777 3661 futurum,
806 3569 839 3642 si
858 3568 1004 3643 infimae
1023 3556 1137 3642 sortis
1165 3568 1317 3643 homini-

205 3691 264 3767 bus
280 3695 371 3770 tanti
400 3695 573 3770 momenti
601 3694 795 3772 castellnm
815 3695 975 3771 dederet.
1005 3694 1149 3771 Placuit
1171 3695 1315 3769 Bassae

206 3820 427 3897 vehementer
455 3820 618 3896 Abbatis
642 3845 879 3920 responsum,
899 3804 1076 3912 maxime,
1105 3822 1204 3917 quod
1222 3821 1316 3894 citra

205 3945 302 4021 ullam
321 3946 567 4045 periculorum
587 3947 725 4040 aleam,
754 3953 830 4021 tam
849 3947 989 4022 munita
1017 3968 1058 4020 se
1077 3968 1165 4020 arce
1183 3945 1315 4042 potitu-

205 4093 271 4146 rum
290 4080 470 4172 speraret.
499 4073 650 4148 Interim
670 4070 802 4148 Abbas
822 4073 970 4149 indictis
988 4073 1026 4147 in
1046 4095 1132 4146 arce
1156 4070 1314 4169 publicis

204 4199 372 4292 precibus,
392 4221 500 4297 opem
518 4198 699 4297 imprimis
709 4199 871 4274 divinam
889 4200 1079 4296 implorat:
1100 4203 1314 4294 posteator-

206 4333 312 4400 nentu
330 4326 453 4402 omnia
471 4325 612 4400 maiora
631 4326 786 4423 pariter,
807 4350 851 4401 ac
869 4326 1012 4401 minora
1031 4345 1140 4421 quarn
1159 4323 1314 4418 diligen-

205 4447 330 4528 brine
348 4451 481 4528 instrui
499 4452 611 4544 iubet,
630 4475 749 4549 eaque
768 4453 952 4554 vestibulo
972 4451 1081 4545 arcis,
1102 4473 1211 4547 qnam
1229 4449 1313 4522 bar—

207 4572 294 4650 baris
312 4578 519 4654 intrandum
537 4580 749 4654 necessario
769 4587 850 4652 erat
862 4635 869 4666 ,
882 4577 1104 4660 ,infodienda
1123 4584 1247 4664 curat,
1275 4584 1314 4650 et

212 4698 302 4776 simul
320 4705 461 4801 aliquot
487 4705 654 4803 pulveris
674 4703 901 4780 tormentarii
926 4703 1081 4778 vascula
1098 4701 1235 4776 ibidem
1253 4725 1316 4802 po
