3625 5534
475 405 529 482 40
867 431 916 480 ro.
937 429 1036 478 nnon
1055 427 1202 478 canovn

583 605 714 701 ltaque
732 600 883 680 militem
898 602 1024 678 statim
1044 602 1152 699 cogit,
1173 605 1367 714 omniaque
1385 609 1432 684 ad
1442 608 1521 682 vim
1542 631 1599 681 ar·
1718 616 1719 643 ¹

478 729 547 803 mis
566 729 817 827 repellendam
835 729 1001 822 instruit,
1030 738 1069 805 nt
1088 753 1167 806 cum
1187 730 1428 810 adventantes
1447 734 1600 808 validas

479 854 685 931 anearum
704 856 804 931 vires
840 856 932 932 duce
959 856 1087 932 Beller
1104 857 1209 953 Bego
1238 855 1425 937 Graeciae
1450 859 1600 935 intelle-

479 982 608 1066 xisset,
626 983 718 1058 nihil
735 984 898 1072 territus,
912 983 1023 1081 utqui
1042 983 1140 1083 apud
1159 975 1305 1064 'l'ureas
1322 986 1514 1081 educatae,
1536 985 1601 1060 mi-

478 1131 547 1184 nus
567 1131 642 1202 eos,
663 1132 814 1207 quorum
832 1109 932 1184 viras
952 1109 1165 1208 exploratas
1184 1110 1360 1207 haberet,
1379 1112 1602 1189 reformida-

477 1244 545 1328 ret,
565 1260 796 1334 nequaquam
815 1240 896 1313 loco
916 1236 1107 1332 decedere,
1126 1238 1199 1313 nisi
1207 1239 1348 1337 pulsus,
1358 1240 1601 1338 fugatusque,

479 1386 602 1439 secum
620 1363 818 1440 constituit
838 1337 921 1440 'Seu
939 1387 985 1440 ne
1003 1361 1128 1439 Beller
1147 1365 1273 1462 Bogus
1293 1366 1450 1464 quidem,
1470 1391 1602 1464 qnam·

478 1489 537 1564 vis
554 1487 603 1598 ad
622 1489 887 1587 quinquaginta
904 1490 1089 1566 hominum
1108 1491 1224 1567 millia
1242 1491 1280 1567 in
1300 1492 1435 1568 castris
1454 1492 1602 1568 habere

479 1615 679 1702 diceretur,
707 1625 847 1693 tantum
866 1618 977 1693 animi
994 1617 1135 1710 habuit,
1152 1626 1193 1694 ut
1209 1618 1394 1695 hominem
1411 1619 1507 1695 tanti
1527 1618 1603 1718 spi-

478 1741 587 1833 ritus,
606 1742 803 1840 verbisque
822 1743 1079 1836 ferocientem,
1097 1752 1235 1820 temere
1254 1744 1413 1843 aggredi
1431 1744 1602 1836 auderet,

480 1866 687 1967 Principem
706 1868 887 1945 duntaxat
906 1868 1192 1966 Sigusmundum
1220 1871 1339 1946 literis
1359 1869 1601 1965 sollicitabat,

479 2002 520 2070 ut
536 1994 648 2071 misso
669 1997 842 2092 exercitu,
860 1997 915 2072 uti
933 1992 1077 2072 Caesar
1095 1996 1327 2094 imperasset,
1344 1995 1498 2073 Petrum
1515 1998 1602 2075 loco

480 2119 702 2199 deturbaret

929 2242 1127 2254 annu—n·—

807 2425 983 2504 OAPVT
1012 2427 1263 2504 TERTIVM.

479 2593 538 2668 De
555 2590 779 2691 mpeditioae
802 2591 1141 2690 Traorplcaaorcm
1169 2594 1210 2665 in
1229 2589 1455 2666 Moldocicm
1473 2601 1604 2666 cmrtra

963 2718 1124 2794 Pctmrm.

585 2881 666 2958 Iam
684 2906 774 2959 vero
793 2881 975 2984 Princeps
996 2889 1149 2981 accepto
1165 2879 1343 2958 Caesaris
1354 2881 1527 2958 mandato
1540 2881 1604 2958 de-

479 3012 613 3088 lectum
639 3011 770 3086 haberi
802 3009 989 3100 iusserat,
1028 3009 1135 3109 eique
1163 3008 1367 3109 Casparem
1395 3005 1603 3088 Sibrilrium

481 3137 623 3214 aulicae
642 3159 732 3214 suae
760 3136 912 3213 militiae
940 3135 1173 3240 Praefectum
1200 3138 1329 3213 ducem
1348 3135 1604 3232 constituerat,

480 3262 605 3342 addito
627 3270 838 3361 praecepto,
856 3263 951 3339 utin
969 3260 1195 3337 Moldaviam
1213 3261 1421 3359 ingressus,
1441 3258 1606 3358 Petrum,

480 3387 701 3487 tempestiva
719 3387 850 3464 virium
879 3386 1145 3479 ostentatione,
1176 3409 1220 3464 eo
1240 3385 1362 3484 potius
1390 3385 1605 3482 adduceret,

478 3522 520 3592 ut
537 3520 676 3590 mutato
694 3512 871 3604 consilio,
897 3510 1010 3589 saluti
1029 3534 1122 3588 suae
1141 3510 1369 3601 consuleret,
1400 3535 1509 3610 quam
1527 3513 1606 3588 vim

479 3647 666 3742 expertus,
685 3639 925 3715 manifestum
951 3638 1051 3714 vitae
1085 3637 1291 3737 capitisque
1311 3637 1509 3714 discrimen
1528 3637 1607 3714 adi·

479 3775 547 3844 ret.
573 3763 648 3842 Sed
667 3786 713 3841 ea
740 3786 884 3861 quoqne
911 3787 952 3839 re
975 3763 1067 3840 nihil
1096 3771 1305 3863 permotus,
1332 3763 1454 3842 Iassio
1483 3766 1607 3840 solum

479 3891 615 3994 oppido
644 3913 686 3966 se
713 3892 881 3982 tenebat,
915 3899 1017 3966 tanto
1037 3889 1207 3982 silentio,
1225 3899 1265 3968 ut
1293 3891 1430 3966 nullam
1448 3911 1606 3989 prorsus

479 4018 785 4118 significationem
815 4017 926 4093 animi
954 4017 1012 4092 sni
1040 4017 1079 4091 iu
1106 4016 1284 4094 unamvis
1312 4023 1456 4114 partem
1485 4015 1604 4094 duret.

479 4146 562 4240 Quo
579 4147 717 4222 factum
742 4143 831 4239 fuit,
865 4151 906 4220 ut
934 4141 1123 4221 Sibrikius
1142 4143 1286 4220 nemine
1304 4142 1525 4234 resistente,
1547 4167 1607 4220 sn·

480 4272 620 4372 peratis
640 4271 786 4371 alpibus
810 4270 848 4346 in
875 4270 969 4346 fines
996 4270 1161 4368 regionis
1189 4270 1403 4366 ingressus,
1433 4267 1487 4342 ita
1506 4269 1607 4367 quie·

479 4413 555 4480 tum
572 4399 708 4498 ubique
736 4422 869 4498 agmen
898 4396 1066 4492 duceret,
1085 4405 1125 4475 ut
1142 4405 1217 4474 tum
1236 4396 1391 4497 primum
1410 4394 1459 4470 ab
1478 4396 1609 4494 explo-

480 4527 666 4605 ratoribus
700 4525 802 4601 Petri
830 4526 964 4601 adesse
991 4524 1094 4602 visus
1119 4526 1186 4618 sit,
1216 4547 1296 4601 oum
1323 4522 1398 4598 iam
1424 4521 1609 4600 instructa

483 4654 577 4748 acie,
595 4653 759 4755 proxime
778 4652 827 4730 ad
861 4653 1035 4751 oppidum
1052 4650 1263 4745 accederet,
1283 4659 1358 4728 tum
1378 4649 1521 4726 demum
1541 4643 1606 4725 ad·
