3625 5534
526 516 600 594 196
923 534 972 590 10.
994 537 1095 589 nucu
1112 539 1263 590 sssoun

520 715 651 791 tiorem
662 715 803 789 fecerat
814 715 859 789 de
869 715 996 811 inopia
1005 719 1242 806 commeatus,
1263 735 1419 810 eumque
1428 723 1628 809 rogaverat

521 852 561 919 ut
581 851 723 918 mature
742 843 958 917 necessaria
977 841 1240 939 suppeditaret.
1263 841 1509 916 Mansteldius
1527 841 1629 938 igitur

519 991 659 1044 summo
679 967 838 1043 diluenlo
859 969 929 1043 dno
954 967 1095 1042 maiora
1113 973 1297 1040 tormenta
1316 989 1396 1040 oum
1415 974 1558 1040 centnm
1574 991 1628 1062 pe·

519 1095 657 1170 ditibus
677 1117 720 1169 ao
738 1093 879 1191 reliquo
899 1100 1104 1169 commeatu
1122 1091 1223 1166 misit
1239 1091 1297 1184 iis,
1315 1092 1379 1187 qui
1397 1092 1514 1165 vineis
1533 1115 1628 1189 prae·

518 1219 613 1293 sidio
633 1218 753 1293 relicti
763 1219 920 1294 fuerant.
940 1218 999 1291 Ea
1008 1217 1092 1290 dum
1102 1216 1350 1291 Mansleldius
1359 1238 1441 1290 cum
1450 1216 1627 1313 praesidio

517 1343 652 1434 avehit,
673 1345 873 1439 urbemque
893 1344 1046 1441 propius
1067 1342 1223 1433 accedit,
1241 1341 1283 1416 lit
1302 1343 1438 1418 certior
1457 1367 1481 1416 a
1508 1342 1627 1434 Meng-

518 1469 699 1542 breutero
712 1476 749 1541 et
760 1467 843 1542 aliis
854 1492 967 1565 super
978 1469 1073 1543 alios
1083 1467 1237 1560 nunciis,
1247 1468 1390 1541 Bassus
1401 1490 1484 1541 cum
1494 1467 1627 1542 unirer-

518 1617 561 1669 so
582 1591 745 1666 exercitu
765 1616 809 1667 ac
827 1594 1099 1691 impedimentis
1109 1617 1156 1668 ex
1166 1595 1286 1668 altera
1295 1593 1430 1669 montis
1440 1599 1626 1690 partenos·

518 1717 587 1792 tris
617 1716 926 1816 appropinquare,
947 1726 985 1792 et
1003 1725 1177 1813 quantum
1206 1717 1420 1793 coniectura
1448 1714 1627 1815 provideri

516 1849 654 1940 posset,
675 1842 723 1915 ad
741 1849 897 1917 montem
917 1841 1044 1917 Sancti
1056 1839 1212 1937 Georgii
1232 1865 1277 1916 eo
1297 1842 1452 1916 consilio
1472 1842 1624 1928 tondere,

517 1975 556 2042 ut
574 1966 659 2041 inde
681 1966 729 2040 ad
748 1975 896 2043 nostros
928 1991 1070 2043 summa
1087 1968 1125 2039 vi
1145 1968 1393 2043 decurrerent
1412 1969 1471 2042 Ea
1489 1992 1530 2042 re
1548 1989 1625 2060 cog·

513 2093 593 2166 nita
621 2088 790 2182 Carolus,
818 2092 948 2188 paucis
975 2092 1023 2164 ad
1057 2092 1202 2167 fortiter
1233 2093 1469 2190 pugnandum
1500 2091 1624 2165 milites

514 2218 738 2311 cohortatus,
758 2219 927 2315 copiase
951 2220 1087 2294 castris
1114 2220 1281 2317 protinus
1309 2220 1441 2308 educit,
1469 2227 1507 2293 et
1534 2218 1624 2316 equi-

512 2355 587 2421 tum
606 2347 840 2444 peditumque
860 2345 977 2420 aciem
1002 2368 1142 2420 summo
1170 2344 1323 2419 consilio
1350 2345 1509 2436 instruit,
1537 2367 1620 2418 eam»

515 2495 585 2566 que
606 2477 763 2567 quatuor
783 2468 986 2545 maioribus
1006 2470 1248 2567 pluribusque
1258 2470 1467 2545 currulibus
1476 2477 1624 2543 tormen·

511 2595 559 2669 tis
579 2595 732 2691 egregie
753 2595 877 2670 munit.
898 2594 1041 2686 Quibus
1061 2595 1229 2671 omnibus
1248 2596 1319 2669 rite
1349 2593 1551 2691 dispositis,
1577 2594 1623 2666 iu·

512 2720 574 2794 bet
593 2720 787 2795 universos
807 2743 852 2795 ac
870 2721 1039 2816 singulos
1058 2721 1218 2816 genibus
1237 2720 1358 2811 flexis,
1389 2719 1562 2794 ardentes
1580 2717 1623 2792 ad

509 2845 659 2922 DEVM
679 2843 984 2943 Saluatoremque
1004 2843 1191 2921 Christum
1219 2870 1288 2943 pro
1307 2845 1475 2922 Victoria
1496 2867 1622 2943 preces

510 2971 675 3046 fundere.
696 2973 755 3046 Ita
774 2971 812 3046 in
831 2972 977 3047 nomine
996 2971 1145 3047 Domini
1175 2971 1321 3048 obviam
1349 2971 1521 3047 hostibus
1548 2993 1623 3068 pro·

508 3118 667 3186 cessere,
688 3096 833 3172 alacres
852 3119 990 3189 omnes,
1012 3106 1049 3172 ct
1066 3097 1189 3195 parati
1217 3118 1345 3172 manns
1373 3096 1520 3171 fortiter
1546 3119 1622 3171 curn

506 3220 680 3296 barbaris
700 3245 908 3298 conserere.
931 3223 1080 3298 Turoae
1099 3222 1211 3297 simili
1231 3229 1311 3297 arte
1331 3222 1448 3319 copiis
1473 3219 1622 3318 disposi-

504 3345 565 3434 tis,
587 3346 746 3442 datoquo
765 3371 911 3444 pugnae
931 3347 1050 3444 signo,
1072 3347 1202 3443 viginti
1222 3355 1406 3422 tormenta
1423 3345 1462 3420 in
1479 3355 1622 3421 nostros

507 3469 700 3544 confestim
722 3471 930 3568 explosere.
961 3469 1037 3548 Sed
1065 3472 1171 3546 irrito
1201 3479 1345 3546 eventu.
1374 3471 1495 3546 Nemo
1532 3471 1621 3545 enim

504 3593 576 3668 Dei
595 3593 773 3669 beneficio
793 3619 839 3670 ex
858 3597 996 3672 nostris
1016 3598 1090 3671 ictu
1111 3619 1235 3671 eornm
1254 3597 1380 3669 laesus
1397 3595 1477 3688 tuit,
1492 3595 1618 3670 nedum

502 3717 729 3816 absumptus.
767 3718 891 3810 Quare
925 3721 1127 3796 alacriores
1164 3720 1284 3796 nostri
1320 3719 1409 3794 facti
1443 3719 1619 3817 promotis

501 3843 652 3919 aciebus
671 3863 743 3932 nno
762 3868 890 3919 omnes
904 3846 1052 3943 impetn,
1071 3847 1269 3922 inclamato
1279 3843 1491 3920 Saluatoris
1504 3841 1620 3921 IESV

500 3967 655 4062 nomine,
684 3970 721 4043 in
750 3969 877 4046 hostes
910 3972 1105 4047 irruerunt.
1134 3971 1232 4048 Mira
1260 3979 1360 4048 certe
1390 3992 1452 4047 res
1479 3971 1558 4056 fuit,
1585 3979 1620 4046 et
1660 4055 1667 4066 ¹

500 4091 662 4168 Divinas
680 4094 937 4191 providentias
957 4097 1214 4188 adscribenda,
1235 4097 1333 4193 quod
1353 4096 1516 4172 Barbari
1544 4097 1619 4171 sine

499 4217 576 4293 ulla
595 4240 699 4293 mora
716 4226 891 4317 tanquam
917 4244 965 4295 ex
993 4221 1194 4320 composito
1214 4221 1251 4296 in
1277 4222 1405 4314 fugam
1432 4242 1474 4296 se
1504 4221 1619 4296 conie-

499 4342 636 4435 cerim,
675 4345 911 4442 confusisque
935 4347 1137 4441 ordinibus,
1165 4372 1210 4422 ac
1239 4347 1399 4422 desertis
1426 4348 1619 4424 tormentis

497 4465 843 4566 impedimentisque
888 4472 1022 4546 ceteris
1068 4472 1263 4570 praecipiti
1319 4474 1413 4569 fuga
1452 4475 1619 4571 proxima

497 4590 621 4666 vineta
639 4594 823 4691 petierint.
845 4583 1004 4671 Carolus
1024 4596 1106 4671 visa
1124 4597 1284 4672 hostium
1302 4598 1404 4692 fuga,
1424 4598 1527 4672 misit
1538 4622 1617 4672 cou-

493 4715 616 4790 testim
637 4719 795 4816 aliquem
816 4743 1004 4796 numerum
1025 4724 1260 4818 Vngarornm
1280 4721 1456 4817 equitum,
1483 4723 1545 4820 qui
1563 4723 1614 4798 lu·
