3625 5534
500 457 550 533 ps
569 455 651 507 ser.
672 461 755 511 vno.
775 459 859 509 one.
880 460 916 508 x.
935 459 969 510 L.
993 463 1027 511 v.
1272 435 1349 512 103

215 633 411 728 quendam,
427 634 475 707 ad
494 632 703 731 Principem
723 632 992 708 Temesvarino
1012 633 1174 722 missum,
1195 658 1241 709 ex
1260 635 1347 708 insi-

215 758 289 832 diis
309 759 442 846 adorti,
471 760 686 834 contraius
714 760 878 855 gentium
906 757 1180 834 interfecerunt.
1222 761 1278 835 Ea
1306 785 1348 835 re

215 883 380 976 cognita,
400 883 511 957 mittit
537 884 722 981 extemplo
743 884 1065 958 'Pemesvariensis
1085 884 1218 974 Bassa,
1236 908 1346 981 quen-

215 1007 303 1082 dum
316 987 344 1082 ⁴e
362 1009 441 1083 suis
461 1008 511 1082 ad
528 1008 737 1106 Principem
758 1005 1042 1102 Sigismuudum,
1059 1016 1097 1084 et
1114 1032 1182 1107 per
1201 1032 1281 1084 eum
1301 1010 1348 1085 de
1383 1046 1388 1054 ·

213 1133 415 1209 interfecto
435 1131 612 1227 Obausio,
631 1136 784 1232 iureque
803 1135 966 1230 gentium
978 1134 1140 1226 violato,
1168 1135 1347 1210 acerrime

216 1260 469 1357 conqueritur.
491 1261 587 1336 Erat
613 1270 700 1335 tunc
720 1261 894 1337 Thordae
923 1258 1117 1358 Princeps,
1142 1267 1180 1334 et
1197 1259 1346 1335 indictis

214 1386 397 1477 comitiis,
434 1386 522 1483 quid
549 1387 649 1462 laeto
679 1388 717 1461 in
745 1394 848 1462 tanto
877 1385 1041 1476 orientis,
1071 1386 1346 1483 occidentisque

214 1519 318 1586 motu
336 1533 430 1609 opus
450 1519 561 1603 esset,
590 1512 835 1587 deliberabat.
864 1511 983 1608 Igitur
1011 1519 1144 1586 vocato
1171 1511 1210 1586 in
1229 1511 1347 1605 eonsi-

213 1637 304 1712 lium
325 1635 517 1710 Friderieo
536 1636 669 1727 Zavor,
688 1638 836 1714 bomine
864 1638 950 1725 fido,
980 1644 1089 1734 atque
1118 1644 1279 1726 sueuuo,
1299 1660 1346 1711 ex

215 1762 365 1837 consilii
384 1763 571 1838 sententia
589 1764 749 1857 mandat,
778 1772 817 1839 ut
844 1763 1034 1862 profectus
1059 1763 1254 1838 confestim
1272 1763 1345 1838 Lu·

215 1889 400 1985 gasinum,
420 1885 590 1985 Georgio
609 1888 815 1984 Palatieio,
851 1890 932 1966 eius
954 1895 1096 1963 tractus
1124 1889 1229 1962 Bano
1250 1911 1344 1964 ccm-

216 2016 317 2090 muni
334 2016 482 2091 nomine
500 2017 695 2114 significet,
713 2024 754 2092 ut
771 2039 903 2115 pacem
932 2039 1014 2090 cum
1032 2014 1195 2089 finitimis
1207 2014 1341 2090 aneis

216 2141 315 2214 omni
335 2139 459 2217 studio
477 2149 632 2232 tueatur,
672 2164 811 2239 eosque
850 2141 912 2238 qui
948 2139 1111 2215 foederis
1139 2139 1341 2214 violatores
1483 2219 1486 2226 ,

216 2262 591 2365 deprehenderentur,
612 2267 850 2343 severissime
860 2265 996 2364 puniat.
1011 2264 1224 2340 Pridericus
1243 2288 1342 2339 man-

216 2391 303 2466 data
322 2391 507 2491 Principis
526 2393 778 2492 apndBanum
795 2393 955 2468 fideliter
975 2397 1162 2485 executus,
1191 2391 1343 2466 Temes-

216 2520 384 2596 varinum
402 2521 657 2618 proficiscitur,
684 2521 903 2617 Bassaeque
914 2517 1099 2616 Principis
1115 2517 1260 2593 nomine
1281 2539 1343 2591 ex-

216 2645 330 2743 ponit,
351 2645 500 2720 eaedem
528 2639 1025 2742 Obausiorumfnequaquam
1053 2644 1132 2719 eius
1155 2640 1345 2718 voluntate

215 2777 470 2870 perpetratam
487 2793 585 2848 esse.
606 2771 714 2864 Quod
731 2779 772 2846 ut
789 2770 937 2846 facilius
956 2771 1121 2846 barbaro
1140 2769 1342 2869 persuade·

217 2908 330 2992 retur,
351 2898 502 2973 vocavit
520 2921 603 2973 eum
622 2899 670 2972 ad
689 2899 818 2990 locum,
837 2897 901 2972 ubi
913 2897 1048 2973 caedes
1058 2896 1344 2995 patratafuerat,

219 3025 344 3122 ibique
363 3024 486 3098 Bassa
504 3032 714 3122 praesente,
733 3045 779 3098 ac
802 3023 1046 3120 inspectante,
1075 3031 1243 3098 auctores
1263 3021 1343 3094 euis

218 3132 384 3242 sceleris,
415 3173 471 3235 eo,
501 3173 574 3248 quo
602 3151 684 3248 ipse
719 3147 909 3242 iussisset,
948 3148 1077 3222 mortis
1114 3168 1268 3244 genere,
1296 3169 1344 3222 ex

216 3276 450 3375 praescripto
463 3274 648 3372 Principis
673 3297 716 3350 se
726 3275 937 3374 puniturum
948 3273 1156 3350 affirmavit.
1170 3273 1345 3348 Assensit

216 3411 291 3477 tum
311 3402 348 3478 ei
367 3402 502 3495 Bassa,
521 3425 637 3499 seque
649 3443 653 3450 .
666 3401 715 3475 ad
743 3400 1004 3500 praestitutum
1033 3400 1138 3492 diem,
1158 3425 1204 3478 ao
1222 3401 1343 3476 locum

106 3592 111 3604 .
217 3527 365 3603 omuino
383 3529 579 3602 affuturum
606 3526 785 3624 promisit.
822 3523 898 3600 Sed
916 3532 1060 3624 postea,
1080 3548 1148 3602 seu
1165 3527 1343 3603 simulans

217 3661 364 3746 metum,
383 3675 450 3729 seu
469 3653 567 3751 quod
584 3675 719 3727 revera
736 3652 791 3726 ita
809 3652 976 3746 sentiret,
996 3674 1110 3750 seque
1129 3653 1179 3726 ab
1197 3651 1343 3726 insidiis

217 3780 564 3878 Transylvanorum
592 3785 755 3855 metuere
775 3777 925 3872 diceret,
944 3779 982 3852 in
1001 3779 1093 3866 loco,
1103 3784 1343 3874 temporeque

216 3927 262 3979 ex
280 3905 485 4004 composito
504 3905 682 4004 praefixo,
708 3926 925 4003 comparere
952 3904 1079 3981 noluit.
1116 3905 1176 3977 Ita
1204 3924 1285 3976 cum
1305 3907 1343 3973 et

215 4030 347 4122 literis,
385 4038 424 4105 et
448 4031 592 4106 nunciis
618 4031 759 4107 frustra
785 4039 940 4126 rogatus
969 4030 1092 4104 Bassa
1122 4027 1273 4116 luisset,
1302 4030 1343 4101 ut

215 4165 407 4256 spectator
434 4179 519 4232 esse
545 4180 690 4256 poenae
726 4157 1015 4252 foedifragorum
1055 4154 1186 4246 vellet,
1223 4153 1344 4250 iisque

214 4307 289 4360 nou
306 4305 402 4382 opus
429 4283 504 4359 iam
532 4306 578 4357 ea
604 4307 646 4358 re
676 4283 942 4373 renunciasset,
962 4302 1042 4355 cum
1068 4285 1168 4354 certo
1197 4285 1343 4353 consta-

214 4416 282 4500 ret,
307 4407 518 4506 Principem
547 4409 848 4507 Transylvanum
884 4433 909 4483 a
936 4404 1102 4481 Caesare
1119 4403 1344 4479 descivisse:

215 4532 442 4625 Friderieus,
461 4533 582 4608 officio
601 4555 691 4608 suae
701 4533 786 4609 fidei
806 4531 1002 4611 commisso
1014 4553 1056 4605 se
1067 4531 1273 4606 defunctum
1284 4553 1341 4604 ra-

214 4665 286 4748 tus,
314 4657 482 4733 homines
508 4658 595 4735 illos
623 4658 749 4734 caedis
777 4659 953 4734 authores
981 4654 1152 4733 absentia
1179 4653 1339 4732 bostium
