3625 5534
516 531 564 580 un
581 531 662 580 aaa.
684 529 767 580 vno.
788 529 871 580 rrae.
891 532 924 580 x.
945 533 978 580 n.
999 532 1061 580 vn.
1281 509 1356 586 133

230 705 443 797 devastans,
474 729 599 780 mense
630 705 725 781 lulio
758 706 947 780 laurinum
981 706 1128 782 obsedit
1154 708 1293 797 urbem,
1321 717 1359 783 et

227 837 360 906 natura
380 839 417 906 et
435 831 611 930 operibus
631 832 744 906 totius
766 832 955 927 Vngariae
972 832 1263 907 munitissimam.
1278 835 1358 908 lau·

229 957 359 1051 riuum,
372 957 468 1031 alias
489 958 649 1042 laurum,
671 956 734 1031 ubi
754 956 841 1032 olim
863 956 1079 1053 Bregetium
1101 956 1184 1050 mit,
1204 955 1358 1033 Arabon

227 1083 346 1158 amnis
365 1083 482 1177 alluit,
503 1083 565 1179 qui
585 1083 695 1158 etiam
715 1081 941 1159 Germanica
958 1082 1205 1180 liuguaRabe
1224 1108 1357 1159 nomen

229 1208 262 1282 ei
291 1209 480 1284 attribuit:
510 1217 548 1284 et
575 1233 656 1285 eum
682 1209 736 1285 ibi
755 1209 967 1286 Danubium
993 1210 1135 1303 influat,
1155 1209 1357 1286 insulama

228 1343 429 1432 conspeetu
447 1334 549 1428 laeit,
559 1335 834 1434 inauditamque
845 1336 950 1410 urbis
959 1335 1216 1412 firmitudinem
1225 1335 1356 1410 rubum

227 1461 265 1537 in
284 1461 429 1536 modum
449 1470 572 1558 auget.
593 1461 743 1538 Moenia
761 1463 876 1538 babet
894 1463 1005 1559 intus,
1026 1470 1064 1538 et
1082 1471 1189 1539 extra
1208 1462 1355 1560 aggeri·

226 1588 297 1662 bus
316 1585 511 1678 offirmata,
541 1608 637 1683 quae
663 1611 711 1662 ue
737 1587 955 1663 bellieorum
982 1594 1248 1665 tormentorum
1276 1588 1356 1663 ioti-

228 1713 296 1788 bus
316 1710 393 1786 sint
410 1711 580 1803 obnoxia,
600 1713 791 1812 perpetuis
811 1721 1034 1790 coronantur
1052 1714 1289 1805 ambulacris,
1317 1720 1356 1789 et

224 1839 260 1912 in
286 1859 446 1913 coronae
475 1837 637 1936 speeiem
675 1840 919 1938 superbarum
954 1839 1109 1915 turrium
1141 1839 1354 1937 frequentia

225 1964 450 2038 excoluntur.
487 1963 627 2039 Earum
655 1965 836 2061 quaedam
870 1991 894 2041 a
933 1965 1134 2063 quadratis·
1165 1965 1353 2065 lapidibus

225 2087 554 2186 quadrangulares,
574 2090 773 2167 nonnullae
793 2090 966 2167 lateritiis
993 2091 1174 2167 rotundae
1202 2113 1351 2166 eonsur-

222 2223 323 2312 gunt,
354 2213 487 2310 quibus
513 2221 713 2306 erateatae,
740 2216 963 2314 ferreaeque
1005 2214 1131 2291 insunt
1163 2215 1353 2290 fenestrae

224 2349 334 2438 atque
361 2341 486 2415 ferrea
515 2340 636 2432 ostia,
651 2350 691 2418 ut
718 2341 765 2417 iis
794 2350 925 2417 eontra
953 2343 1112 2418 insultus
1130 2340 1351 2430 muniantur,

221 2465 341 2540 foveis
378 2465 608 2542 obducuntur
644 2466 805 2566 undique
837 2467 982 2543 moenia
1015 2467 1123 2558 latis,
1162 2467 1268 2542 iuxta
1294 2473 1348 2541 at·

222 2615 291 2690 que
328 2591 543 2690 profundis,
581 2599 619 2668 et
655 2595 752 2690 quod
789 2593 986 2691 plurimum
1021 2593 1070 2667 ad
1098 2593 1211 2668 robur
1251 2593 1351 2684 fauit,

224 2719 376 2794 duorum
395 2717 718 2794 celeberrimorum
737 2717 941 2806 fluviorum,
967 2719 1133 2796 Danubii
1152 2745 1197 2796 ao
1208 2719 1351 2810 Rabae,

223 2843 443 2919 confluentia
462 2844 681 2920 muniuntur.
702 2841 826 2943 Supra
844 2854 975 2943 portas
1013 2845 1117 2921 urbis
1146 2845 1351 2942 quadratae

221 2979 341 3046 turres
360 2977 598 3067 musurgam,
618 2977 693 3046 tam
712 2970 883 3062 munitae,
903 2977 943 3045 ut
961 2970 1136 3069 impetum
1169 2990 1350 3066 quemque

223 3096 418 3172 maximum
436 3096 548 3171 iaoile
576 3097 796 3174 sustineant.
817 3095 1005 3172 Suburbia
1028 3096 1190 3193 undique
1212 3095 1350 3171 oneum

223 3221 383 3298 maxima
400 3221 643 3316 effunduntur,
663 3225 867 3320 urbemque
896 3223 995 3299 baud
1016 3220 1135 3308 aliter,
1163 3244 1209 3295 ao
1226 3241 1349 3294 artem

222 3350 521 3446 eompleetuntur.
541 3347 645 3424 Vrbs
663 3349 760 3447 ipsa,
778 3358 929 3448 praeter
961 3373 1085 3426 areem
1110 3349 1149 3421 iu
1168 3347 1252 3446 ripa
1270 3345 1348 3421 Da·

223 3474 324 3549 nubii
344 3475 437 3553 miro
457 3481 681 3551 exstructam
703 3475 871 3568 artifieio,
891 3475 1063 3550 aedificia
1081 3473 1196 3549 babet
1222 3495 1349 3572 super-

220 3598 386 3694 bissima,
405 3607 444 3676 et
462 3624 543 3676 eum
562 3602 653 3676 urbs
671 3609 752 3677 tota
779 3601 829 3677 sit
856 3601 1021 3698 pensilis,
1052 3601 1152 3678 iutra
1181 3599 1253 3673 soli
1271 3599 1350 3697 pla-

221 3725 346 3801 nitiem
384 3727 638 3803 subterraneis
669 3726 834 3806 abundat
861 3727 1080 3820 fornicibus,
1120 3721 1348 3818 memeque

221 3851 326 3927 bellis
345 3874 482 3947 magna
499 3853 668 3946 laxitate,
687 3854 742 3929 ad·
757 3877 885 3931 omnes
900 3877 991 3931 usus
1010 3845 1347 3929 accommodatissi-

220 3977 296 4052 mis.
317 3975 438 4054 Multa
455 3979 493 4053 in
512 4003 558 4055 ea
575 3979 680 4056 luere
699 3980 933 4058 sacerdotum
954 3977 1129 4075 collegia,
1148 3973 1342 4051 sanctimo-

222 4101 372 4179 nialium
390 4103 566 4194 claustra,
596 4113 634 4180 et
661 4112 798 4196 cetera,
832 4129 928 4201 quae
949 4103 1056 4179 urbis
1075 4099 1346 4202 praestantiam

221 4229 333 4324 vulgo
370 4229 559 4324 adaugere
591 4229 809 4306 iudicantur.
846 4229 1053 4304 Firmitudo
1092 4225 1238 4324 quidem
1266 4223 1346 4300 eius

221 4361 334 4447 tauta,
352 4362 394 4430 ut
413 4355 473 4430 vel
491 4354 678 4432 Viennam
703 4356 899 4432 multorum
923 4352 1058 4429 iudioio
1084 4373 1264 4450 superare
1292 4348 1347 4423 vi·

222 4479 363 4564 dentur,
384 4481 521 4580 quippe
549 4483 608 4558 eui
635 4504 709 4558 non
740 4479 859 4558 solum
879 4479 1051 4577 Vugaria
1074 4499 1204 4577 parem
1222 4473 1347 4567 ullam,

223 4603 290 4679 sed
307 4629 353 4680 ne
373 4603 578 4684 Germania
597 4608 743 4706 quidem
763 4609 899 4684 multas
913 4605 1054 4681 similes
1062 4599 1244 4679 babuerit.
1251 4600 1347 4676 Eam

224 4752 349 4808 omnes
377 4729 585 4810 Christiani
612 4733 741 4834 populi
770 4738 1035 4832 speraverant.
1063 4735 1103 4804 et
1131 4725 1278 4803 tollatis
1298 4724 1347 4803 ad
