3625 5534
425 513 504 587 214
827 534 875 585 ro.
897 533 999 582 nasu
1018 533 1172 584 nnuovn

426 717 527 784 stare
547 710 665 799 iussit,
685 709 792 805 eique
811 707 1005 783 Alhertnm
1025 706 1162 796 Kirali,
1183 707 1373 804 praefecit,
1390 700 1434 806 {et
1461 706 1553 781 duas

424 834 625 910 auxiliares
646 833 854 933 phalanges
874 833 992 906 eidem
1013 832 1190 923 adiunxit,
1219 839 1259 907 nt
1278 833 1310 906 si
1330 831 1376 906 ad
1397 829 1552 928 primum

425 967 702 1036 antecursorum
735 958 912 1056 impetum
938 957 1098 1031 Barbari
1127 964 1236 1054 terga
1263 981 1338 1032 nou
1357 962 1554 1047 uerterent,

424 1086 518 1160 duae
537 1085 627 1162 illae
647 1084 848 1160 auxiliares
869 1083 965 1173 alae,
994 1083 1187 1180 suppetias
1207 1082 1463 1157 laborantibus
1482 1081 1552 1156 ler-

423 1219 516 1286 rent.
538 1211 610 1286 His
630 1211 819 1285 subiunxit
838 1207 975 1284 bellica
984 1215 1168 1285 tormenta
1187 1209 1329 1284 maiora
1348 1215 1387 1284 ct
1401 1208 1553 1296 minora,

424 1359 519 1434 quae
549 1337 662 1412 robur
689 1335 803 1410 totius
833 1336 1021 1410 exercitus
1048 1335 1226 1432 subsequi
1255 1334 1374 1410 iussit.
1412 1332 1554 1409 Huica

427 1463 569 1554 dextra,
590 1461 772 1559 laevaque
796 1469 904 1561 parte
923 1463 1099 1537 annexuit
1118 1461 1212 1537 duas
1232 1460 1438 1536 auxiliares
1466 1457 1553 1558 pha-

422 1585 575 1682 langes,
604 1610 700 1684 quae
727 1587 913 1685 prioribus
944 1587 1143 1672 inclinatis,
1172 1595 1260 1686 post
1291 1592 1554 1662 tormentcrum

424 1712 689 1810 explosionem,
709 1721 978 1788 succurrerent.
999 1711 1141 1804 Quodsi
1161 1735 1249 1787 vero
1268 1735 1315 1788 ue
1334 1712 1390 1786 sic
1410 1708 1555 1807 quidem

424 1837 570 1913 Turcae
608 1838 645 1912 in
674 1839 800 1932 fugam
828 1838 925 1913 verti
951 1846 1117 1936 possent,
1154 1836 1358 1936 praecipua
1388 1857 1555 1933 quaeque

422 1984 513 2062 pars
543 1965 582 2040 in
602 1986 667 2039 eos
692 1963 862 2056 irrueret,
882 1986 968 2038 mox
986 1971 1065 2038 tres
1084 1962 1329 2059 retrogradae
1351 1959 1556 2036 Germano·

421 2119 501 2172 rum
522 2091 841 2188 cataphractorum
864 2089 956 2164 'alae
985 2089 1114 2187 copias
1141 2088 1300 2164 hostiles
1319 2084 1555 2162 circumveni·

423 2229 516 2299 rent.
547 2208 687 2310 Quodsi
707 2237 797 2290 vero
818 2216 967 2292 tandem
979 2241 1032 2292 ¹ne
1052 2218 1107 2290 sic
1126 2215 1273 2314 quidem
1291 2215 1464 2291 inclinari
1474 2213 1556 2289 har·

423 2348 575 2423 baricae
602 2345 703 2419 vires
735 2350 908 2441 possent:
937 2350 1013 2417 tum
1042 2365 1130 2418 vero
1157 2341 1322 2440 receptui
1342 2341 1555 2429 canendum,

424 2481 461 2549 et
479 2471 607 2570 copias
626 2470 665 2543 in
683 2467 801 2543 tutius
820 2447 1037 2543 referendas
1057 2467 1237 2566 Princeps
1267 2467 1407 2559 statuit,
1435 2466 1556 2565 quoad

423 2621 543 2674 novae
562 2593 809 2670 Maximiliani
829 2593 958 2692 copiae
977 2592 1144 2670 subsidio
1163 2594 1420 2671 laborantibus
1438 2595 1557 2668 Tran-

425 2721 594 2826 sylvanis
627 2719 762 2795 adesse
790 2730 956 2819 possent.
987 2719 1084 2796 Nam
1112 2722 1165 2795 uti
1192 2720 1360 2815 diximus,
1388 2723 1556 2802 Maximi-

423 2851 545 2926 lianus
566 2845 759 2922 Archidux
779 2847 858 2921 eius
878 2849 996 2923 solum
1025 2871 1171 2946 pugnae
1202 2855 1372 2924 eventum
1391 2861 1558 2949 praesto·

422 2978 580 3068 labatur,
599 2998 669 3051 nec
687 2996 871 3072 quoquam
881 2982 1008 3050 castra
1026 2982 1205 3068 moverat,
1224 2981 1264 3050 ut
1283 2976 1327 3070 si,
1338 2976 1437 3073 qnod
1451 3002 1556 3055 omen

424 3103 529 3178 Deus
548 3100 730 3202 propitius
764 3109 1038 3193 averruncaret,
1060 3085 1561 3200 TrausylvaniaSinanofuss

424 3236 611 3326 garentur,
630 3234 811 3302 maturam
829 3227 911 3325 ipse
931 3248 1039 3325 opem
1058 3227 1135 3301 illis
1156 3251 1202 3302 ex
1220 3240 1401 3306 convento
1423 3254 1557 3333 appor-

425 3360 531 3428 taret.
553 3351 651 3427 Toto
672 3353 785 3450 igitur
796 3353 973 3445 exercitu,
994 3353 1056 3450 qui
1067 3352 1115 3428 ad
1128 3353 1201 3428 LX
1215 3355 1362 3430 circiter
1372 3357 1558 3436 hominum

423 3477 541 3553 millia
560 3475 735 3552 habuisse
756 3476 1000 3570 indicabatur,
1029 3479 1068 3552 in
1095 3478 1192 3553 hunc
1211 3478 1356 3556 modum
1376 3483 1559 3570 ordinato,

423 3605 581 3702 ipsemet
609 3602 789 3700 Princeps
818 3628 898 3679 cnm
928 3605 1174 3681 selectissimo
1204 3606 1557 3706 quadringentorum
1653 3667 1663 3692 .

424 3729 571 3805 circiter
598 3735 858 3806 veteranorum
897 3730 1059 3826 equitnm
1090 3730 1273 3826 comitatu,
1310 3756 1407 3830 poue
1444 3739 1559 3814 robur

424 3855 609 3931 exercitus
638 3877 758 3954 prope
787 3855 1026 3954 praecipuum
1066 3857 1243 3932 vexillum
1263 3859 1437 3952 constitit,
1465 3870 1508 3938 ut
1525 3862 1558 3938 si

310 3991 324 4002 “
425 3980 514 4079 quid
532 3990 684 4081 praeter
703 4004 807 4082 spem
828 3983 1005 4064 evenerit.
1033 3990 1175 4058 mature
1204 4006 1245 4059 se
1276 4009 1323 4059 cx
1352 3983 1460 4063 clade
1486 3989 1558 4064 sal·

424 4129 509 4181 vum
527 4106 721 4206 reciperet.
751 4109 846 4185 Mox
866 4109 1034 4184 omuibus
1055 4109 1126 4183 rite
1145 4109 1336 4208 dispositis
1363 4133 1419 4205 ec,
1449 4137 1558 4212 quem

424 4230 616 4308 retulimus
636 4233 777 4328 ordine,
798 4234 899 4311 acies
921 4243 1052 4311 contra
1072 4233 1250 4312 Sinauum
1277 4239 1456 4336 progredi
1484 4244 1558 4318 ius-

425 4356 474 4432 sit
494 4380 538 4431 eo
559 4359 689 4451 animo,
711 4366 751 4436 ut
769 4359 854 4435 siis
874 4361 1016 4458 copiam
1035 4361 1223 4462 pugnandi
1242 4364 1393 4458 faceret,
1413 4369 1558 4444 coales-

424 4481 492 4557 tim
521 4505 601 4558 cum
631 4507 674 4560 eo
702 4485 939 4586 confligeret:
977 4489 1035 4563 sin
1064 4488 1202 4582 minus,
1233 4491 1380 4566 Turcas
1408 4494 1558 4572 arcibus

425 4610 770 4712 impedimentisque
791 4622 933 4708 exutos,
953 4623 1032 4692 tcta
1049 4617 1241 4717 provincia
1258 4618 1428 4718 pelleret.

853 4821 1064 4831 ..Μ-...-
