3625 5534
495 543 545 592 ou
558 543 639 596 aas.
659 543 742 594 ruo.
762 542 845 595 nnc.
863 544 898 594 r.
918 543 951 592 o.
971 543 1004 593 x.
1246 515 1320 594 281

200 721 300 796 inter
331 718 427 794 alios
453 718 524 794 duo
551 718 688 794 iratres
707 717 901 794 Holsatiae
932 718 1132 818 Principes,
1172 740 1325 816 qnorum

198 847 390 922 cadavera
404 842 637 921 Christianus
649 843 941 921 Anhaldinorum
953 845 1130 943 Princeps
1142 847 1324 924 maximae

198 972 340 1048 indolis
365 969 592 1046 Leucsoviae
611 977 744 1068 postea
762 971 963 1046 tumulavit.
983 974 1075 1048 Item
1099 973 1326 1048 venceslaus

198 1098 416 1200 Poppelius‚
431 1097 692 1196 Prettipskius,
712 1098 997 1175 Pomeranorum
1017 1099 1324 1197 Brandebnrgen-

200 1224 471 1322 siumequitnm
485 1223 672 1320 magister,
683 1223 757 1299 dux
777 1223 1007 1301 Bavarornm
1028 1221 1075 1325 (l)
1096 1225 1326 1302 Plettenber·

200 1352 301 1450 gius,
323 1375 370 1424 ex
389 1349 596 1446 legionibus
623 1350 790 1448 plerique
809 1351 1052 1444 centuriones,
1071 1351 1250 1450 praelecti
1279 1374 1325 1428 ao

201 1476 383 1576 signiferi.
413 1476 446 1550 E
480 1476 752 1574 Transylvanis
779 1476 890 1575 periit
920 1477 1179 1574 Sigismuudus
1207 1474 1325 1556 Osski

203 1615 358 1683 nostrae
385 1606 424 1680 in
453 1601 656 1680 Germania
679 1604 989 1702 peregrinationis
1009 1626 1143 1692 comes,
1167 1605 1328 1682 Michael

203 1732 396 1821 Cziereni,
424 1732 659 1829 Volfgungus
696 1731 947 1824 Bornemisza‚
990 1735 1148 1808 Ioannes
1166 1731 1327 1832 Polyak‚

205 1867 249 1935 et
284 1857 492 1955 complures
519 1857 593 1950 alii,
623 1879 774 1954 qnorum
793 1860 1003 1956 catalogum
1031 1880 1226 1935 recensere
1253 1861 1330 1935 lon·

205 2009 296 2084 gum
322 1986 428 2062 toret
465 1984 509 2059 In
535 1984 583 2059 iis
610 1986 714 2060 luere
742 1993 780 2060 et
798 1982 945 2084 Caspar
981 2009 1024 2061 ac
1044 1988 1203 2064 loannes
1221 1986 1331 2062 Decii

206 2113 406 2212 populares
431 2112 521 2204 mei,
550 2112 611 2210 qui
639 2113 851 2188 Debrecino
888 2115 938 2189 ad
964 2115 1142 2212 praelium
1174 2113 1332 2212 profecti

209 2265 258 2316 ac
275 2240 439 2339 peditum
470 2239 681 2315 cohortibus
708 2240 878 2333 adiuncti,
907 2251 1038 2340 sponte
1062 2243 1225 2341 pulcram
1262 2262 1330 2338 pro

205 2368 330 2468 patria
350 2374 503 2442 mortem
521 2367 658 2442 obiere.
678 2365 842 2466 Campus
869 2368 1193 2446 Keresztesiensis
1209 2391 1256 2442 ex
1275 2366 1327 2441 in·

208 2493 308 2592 signi
326 2492 432 2568 clade
459 2491 615 2567 illustris
644 2499 702 2568 est
727 2492 889 2584 babitus,
918 2494 1104 2570 cadavera
1122 2490 1328 2568 'lurcorum

209 2621 258 2695 ab
277 2619 323 2694 iis
351 2627 474 2694 terrae
504 2625 589 2693 suut
616 2619 798 2708 mandata,
828 2628 955 2695 cetera
982 2620 1021 2694 in
1038 2619 1210 2717 ingentes
1229 2641 1329 2694 acer·

210 2769 280 2824 vos
298 2746 537 2839 accumulata,
558 2745 673 2820 donec
691 2770 714 2818 a
735 2747 889 2822 canibus
909 2746 1110 2824 vicinarum
1138 2746 1329 2844 regionum

210 2876 503 2963 absumerentur,
539 2873 593 2948 ita
619 2880 659 2947 ut
689 2870 941 2973 compluribus
968 2897 1092 2951 eorum
1118 2873 1159 2948 in
1188 2873 1328 2949 rabiem

210 3000 316 3087 actis,
334 2997 434 3073 baud
452 3005 529 3073 tuto
547 2999 652 3074 locus
671 2998 705 3074 is
724 2997 989 3076 abhominibns
1008 2999 1236 3098 frequentari
1245 3021 1329 3099 pos·

210 3137 277 3204 set
296 3127 339 3200 ln
358 3147 531 3202 saxorum
559 3146 696 3199 morem
714 3125 870 3201 locusis
898 3125 1018 3202 adhuc
1046 3124 1194 3202 ossibus
1225 3148 1330 3221 oper·

208 3263 267 3330 tus
285 3260 354 3342 est,
373 3273 442 3326 nec
459 3258 561 3326 terra
579 3250 632 3324 ibi
661 3251 734 3326 coli
763 3252 859 3326 citra
886 3253 1054 3327 crebram
1082 3246 1328 3328 armorumin·

213 3379 423 3456 ventionem
441 3377 517 3453 ullo
535 3382 647 3474 pacto
666 3385 800 3476 potest
828 3378 1103 3454 Maximilianns
1122 3401 1202 3455 cnm
1221 3401 1328 3476 expe-

211 3504 402 3582 ditissimis
431 3502 751 3602 cataphractorum
790 3505 1036 3582 Leucsoviam
1064 3527 1207 3592 versus,
1245 3527 1329 3580 mox

210 3631 357 3710 XXIV.
385 3631 572 3706 novembr.
618 3652 698 3704 cum
735 3652 802 3705 sex
830 3630 933 3707 cisiis
962 3630 1146 3708 Viennam
1174 3630 1327 3730 appulit,

208 3759 334 3856 ibique
363 3753 756 3850 Schwarzenbergium
775 3779 856 3832 cum
877 3756 1095 3855 quibusdam
1115 3754 1200 3832 aliis
1217 3778 1324 3853 prae·

208 3885 315 3962 fectis
341 3883 490 3958 invenit.
519 3882 698 3979 Princeps
728 3880 984 3980 sigismundus
1010 3883 1166 3981 primum
1190 3879 1329 3957 Tokai-

213 4036 308 4102 num,
327 4035 412 4086 mox
430 4009 516 4086 inde
533 4011 572 4085 in
591 4009 918 4109 Transylvaniam,
937 4017 1073 4107 quanto
1092 4007 1211 4106 potnit
1228 4006 1329 4084 ocius

211 4140 333 4216 redire
368 4137 571 4227 festinavit,
581 4137 771 4213 affirmans
780 4139 898 4212 solam
910 4135 1211 4212 Germanicorum
1230 4135 1329 4233 equi·

212 4277 285 4342 tum
304 4266 431 4362 fugam
449 4264 558 4340 buius
576 4264 630 4339 rei
649 4286 798 4340 causam
816 4265 941 4340 fuisse.
973 4262 1047 4339 Sed
1065 4271 1103 4339 et
1122 4260 1328 4338 Tuscorum

212 4390 379 4493 plerique
397 4389 471 4464 rati
498 4411 540 4463 se
567 4390 696 4480 victos,
724 4389 947 4466 effusissima
965 4411 1007 4464 se
1025 4389 1117 4485 fuga
1143 4387 1330 4485 proripne

213 4524 307 4608 runt,
336 4525 374 4592 et
392 4538 466 4612 qua
484 4516 614 4612 cuique
631 4516 836 4613 proximum
852 4516 933 4609 fuit,
962 4515 1193 4610 diffugerunt.
1213 4514 1331 4590 Eure

214 4642 417 4738 divulgata,
435 4639 597 4718 Sinanus
615 4643 749 4734 Bassa,
768 4666 876 4742 quem
894 4640 1039 4720 Caesar
1056 4641 1199 4738 Agriae
1225 4663 1331 4739 prae·

214 4773 367 4861 iecerat
387 4793 511 4847 arcem
529 4793 575 4846 ac
593 4769 766 4870 oppidum
789 4768 927 4860 refecit
956 4793 1000 4844 ac
1027 4767 1151 4846 decem
1178 4765 1330 4844 millium
