3625 5534
488 503 537 556 nu
555 505 635 559 nus.
654 505 739 560 vno.
762 507 845 562 nno.
867 511 900 559 x.
920 509 957 561 n.
975 512 1025 564 rx.
1257 487 1335 568 193

503 1299 737 1398 LIBER
778 1303 1041 1402 NONVS·

572 1585 747 1666 canr
766 1589 981 1667 PRIMVM.

211 1748 269 1820 De
300 1749 435 1823 obsesso
455 1745 651 1851 dirigendo,
679 1766 712 1825 et
741 1753 954 1854 proflipotis
981 1755 1183 1830 Bassorum
1212 1761 1338 1854 copiis.

323 1929 493 2006 Nondum
515 1929 661 2031 Sponsa
680 1934 719 2008 in
739 1931 1054 2033 Transylvaniam
1074 1935 1233 2012 adducta
1259 1938 1336 2012 fue·

212 2059 283 2145 rat,
303 2055 585 2154 necquicquam
605 2058 860 2156 Transylvani
886 2068 1014 2135 contra
1043 2061 1188 2136 Turcas
1217 2061 1337 2136 adhuc

123 2267 129 2279 ι
213 2200 258 2253 eo
279 2203 376 2258 anno
394 2183 667 2278 praestiterant,
679 2207 760 2259 cum
770 2182 1143 2282 RudolpbusCaesar
1161 2187 1337 2262 collectas

215 2305 537 2403 cataphractorum
557 2311 716 2405 equitum
727 2334 773 2385 ac
783 2309 946 2408 peditum
957 2308 1262 2389 Germanicorum
1279 2335 1336 2387 co-

214 2431 309 2528 pias,
330 2431 502 2508 adiuncta
520 2433 566 2507 iis
585 2435 1074 2533 selectissimaVugarorum
1103 2460 1221 2528 manu,
1247 2438 1337 2512 duce

218 2552 379 2630 Matthia
397 2558 524 2649 fratre,
550 2581 594 2632 ac
613 2559 739 2655 legato
761 2559 840 2635 eius
852 2557 994 2636 Oarolo
1013 2561 1144 2636 comite
1163 2562 1340 2638 Manslel·

218 2681 335 2774 densi,
346 2680 449 2758 Petri
462 2680 611 2759 Ernesti
632 2681 905 2760 Gubernatoris
925 2685 1340 2782 Lucelburgensisfilio,

219 2805 447 2904 quempanlo
466 2815 552 2884 ante
567 2807 716 2905 Pragae
727 2809 912 2907 Principis
931 2808 1111 2905 dignitate
1130 2818 1341 2905 ornaverat,

229 2931 481 3030 exercituique
492 2933 692 3010 christiano
712 2936 759 3010 ob
771 2935 942 3010 eximiam
962 2935 1018 3010 rei
1040 2935 1213 3010 militaris
1225 2937 1341 3011 scien·

226 3057 315 3133 tiam
324 3060 568 3157 praefecerat,
588 3060 636 3135 ad
645 3060 874 3136 obsidionem
885 3058 1066 3156 Strigonii
1075 3061 1260 3157 proficisci
1270 3061 1342 3137 ius·

224 3182 283 3258 sit.
305 3183 357 3274 Is,
377 3191 417 3258 ut
437 3191 519 3260 erat
538 3193 576 3260 et
594 3185 747 3261 consilio
763 3185 1062 3283 promptissimus
1082 3190 1119 3258 et
1138 3208 1246 3261 mann
1268 3186 1342 3260 for-

222 3307 400 3400 tissimus,
421 3309 661 3408 omnibusque
679 3306 917 3407 imperatoris
936 3308 1134 3383 virtutibus
1153 3330 1345 3408 propemo-

225 3432 307 3508 dum
326 3433 638 3533 ineomparabilis,
658 3459 703 3510 ac
719 3435 922 3532 singularis
941 3435 1122 3509 solertiae
1142 3435 1345 3535 specimina

224 3557 260 3631 in
278 3556 438 3653 belgicis
458 3581 503 3633 ac
521 3559 668 3653 gallicis
696 3559 806 3634 bellis
836 3559 1014 3650 ediderat,
1051 3567 1203 3656 accepto
1233 3561 1345 3659 impe·

223 3682 277 3758 rio
296 3682 482 3759 laurinum
501 3684 599 3759 fame
624 3683 907 3783 expugnandum
936 3689 1051 3774 ratus,
1080 3706 1189 3781 quam
1216 3685 1252 3758 ei
1279 3686 1344 3758 mi-

225 3830 313 3884 nare
334 3807 530 3901 videretur,
550 3817 653 3884 recta
672 3807 898 3906 Strigouium
922 3809 1035 3899 duxit,
1064 3806 1345 3904 arctissimeque

225 3933 314 4008 illud
342 3933 534 4009 obsidione
564 3936 800 4010 circumvenit
828 3933 1005 4009 Calendis
1025 3932 1120 4022 lolii,
1149 3955 1193 4007 ac
1221 3934 1344 4008 statim

227 4060 343 4134 Nonis
362 4081 579 4158 oppugnare
599 4062 733 4160 coepit.
753 4062 906 4136 Interim
925 4085 972 4134 ex
993 4059 1164 4134 diuturna
1182 4057 1346 4134 bellandi

228 4185 486 4262 consuetudine
505 4187 598 4262 satis
619 4187 790 4280 edoctus,
810 4194 1033 4284 tenerosque
1061 4204 1239 4260 novorum
1270 4186 1346 4284 Ty-

228 4334 352 4388 ronum
372 4336 419 4387 ex
431 4309 633 4387 Germania
653 4321 887 4390 evocatorum
904 4297 1047 4388 animos
1059 4310 1345 4410 Turcicisprae-

230 4437 339 4512 liaudi
368 4436 532 4514 moribus
560 4439 776 4514 imbuendos
808 4446 923 4528 ratus,
947 4437 1063 4512 variis
1082 4458 1147 4512 eos
1165 4443 1349 4531 stratage-

231 4563 387 4638 matibus
425 4563 471 4638 ad
501 4563 693 4640 audaciam
720 4561 1045 4659 fortitudinemque
1086 4561 1349 4636 assuefecerat.

233 4687 322 4764 Erat
341 4715 362 4765 e
383 4690 535 4782 regione
556 4691 652 4765 arcis
674 4689 942 4784 strigoniensis
962 4689 999 4764 iu
1019 4686 1162 4763 boreali
1182 4687 1265 4785 ripa
1277 4689 1350 4761 Da·

273 4847 379 4888 lton'vll
400 4847 482 4886 Hvxu
499 4848 568 4886 llleT
585 4869 608 4877 --
622 4847 802 4888 susurrones
818 4847 881 4886 XVII
1204 4830 1245 4892 13
