3625 5534
479 444 531 520 22
866 462 917 514 ro.
938 461 1037 514 nucu
1056 460 1203 514 sauovrr

375 635 381 646 ’
477 643 616 734 cuncti,
646 641 708 738 qui
727 640 807 716 cius
824 640 879 714 rei
908 645 1137 738 spectatores
1165 639 1330 732 inerant,
1358 641 1602 716 affirmarent

473 769 632 844 Peneos
657 767 737 842 dies
769 766 871 842 alind
898 767 1009 842 etiam
1036 764 1198 840 eiusdem
1219 767 1369 860 generis
1396 773 1604 842 memoratu

477 897 624 994 dignum
644 895 774 971 evcnit.
794 892 885 969 Onm
902 893 1057 968 debello
1068 891 1138 968 hoc
1157 891 1370 966 christianis
1389 891 1603 968 indicendus
1721 967 1722 980 ,

477 1023 682 1099 sententiae
700 1021 858 1096 omnium
877 1020 1177 1116 exquirerentur,
1197 1016 1299 1092 aiunt
1317 1019 1522 1110 Mnfftinm,
1543 1043 1603 1094 sa-

478 1172 622 1225 crorum
648 1146 746 1247 apud
772 1169 837 1221 cos
865 1145 1093 1243 Principem,
1122 1144 1225 1220 onius
1253 1165 1395 1219 summa
1424 1153 1484 1220 cst
1497 1146 1603 1244 apnd
1722 1178 1723 1206 ι

478 1298 604 1352 omnes
623 1275 772 1349 ordines
791 1271 1007 1364 authoritas,
1028 1271 1204 1346 audacter
1222 1271 1500 1368 pronunciasse,
1521 1274 1602 1348 bel-

477 1405 551 1479 lum
569 1400 660 1475 illud
678 1399 751 1473 sibi
769 1397 942 1473 iniustum
962 1396 1089 1489 videri,
1109 1397 1265 1494 ideoque
1283 1405 1321 1472 et
1339 1421 1423 1491 eos,
1451 1399 1515 1497 qni
1536 1423 1603 1474 au-

476 1539 538 1604 tea
556 1551 637 1601 oum
645 1527 768 1600 Bassa
776 1523 959 1598 Bosnensi
976 1524 1014 1596 in
1028 1547 1153 1621 pugna
1162 1523 1395 1618 occidissent,
1414 1524 1494 1602 iure
1513 1528 1602 1620 sibi,

478 1657 524 1728 ob
544 1653 720 1727 violatum
737 1648 1019 1728 foeduscacsos
1039 1671 1133 1738 esse,
1145 1649 1359 1748 animasque
1377 1649 1450 1725 iam
1468 1675 1602 1730 eorum

476 1779 604 1878 poenis
623 1775 866 1850 infernalibus
884 1774 1067 1873 torqueri,
1096 1782 1134 1849 et
1161 1774 1256 1850 alios
1278 1797 1423 1865 omnes,
1452 1777 1515 1874 qui
1535 1803 1601 1874 ge-

476 1904 591 1980 rendo
610 1903 719 2002 impio
738 1902 822 1977 hnic
839 1902 938 1976 bello
957 1901 1164 1976 interfuturi
1184 1907 1329 1994 essent,
1357 1901 1487 1976 iisdem
1521 1925 1600 1978 om-

474 2032 561 2106 nino
580 2030 708 2105 teneri.
729 2027 834 2120 Quae
853 2049 915 2102 res
935 2027 983 2100 ad
1002 2024 1203 2102 Caesarem
1223 2025 1358 2119 delata,
1377 2035 1452 2102 tam
1471 2029 1599 2104 alteim

476 2159 554 2234 eins
573 2155 693 2232 animo
710 2155 864 2246 insedit,
890 2161 929 2228 ut
948 2152 1094 2227 minime
1112 2153 1300 2228 serendam
1319 2152 1392 2228 sibi
1410 2162 1484 2228 tam
1503 2156 1600 2230 libe·

474 2308 552 2360 ram
571 2306 717 2374 vocem,
735 2305 809 2379 qua
827 2279 897 2354 viri
916 2280 1032 2355 fortes
1051 2279 1099 2354 ad
1121 2279 1257 2355 bellum
1276 2280 1477 2375 gerendum
1507 2303 1598 2380 seg-

474 2412 597 2486 niores
624 2408 883 2498 redderentur,
912 2413 1033 2497 ratus,
1063 2405 1244 2521 accersito
1264 2407 1456 2515 confestim
1474 2407 1513 2482 in
1532 2432 1599 2484 au-

475 2539 545 2611 lam
566 2536 728 2626 Mufftio,
753 2533 860 2630 qnasi
879 2533 925 2607 dc
944 2533 1053 2608 seriis
1073 2531 1290 2631 quibusdam
1309 2554 1433 2608 secum
1452 2541 1599 2624 acturo,

473 2662 570 2736 huuc
596 2662 634 2736 in
662 2660 806 2734 modum
833 2658 981 2734 vivendi
1009 2661 1118 2735 finem
1144 2657 1386 2758 imposuerit:
1415 2683 1496 2736 cnm
1524 2687 1597 2760 pro

474 2787 737 2864 consuetudine
756 2787 864 2862 aulae
883 2787 1030 2884 epulum
1048 2785 1081 2860 ei
1101 2785 1311 2883 appositum
1328 2793 1441 2880 esset,
1459 2787 1525 2863 ille
1547 2813 1597 2866 co

473 2920 642 3013 gustato,
671 2920 707 2988 et
734 2934 831 3014 ponc
859 2911 974 2987 calice
1000 2911 1155 3004 hausto,
1185 2935 1229 2988 co
1258 2911 1382 2988 statim
1408 2923 1595 2992 momento

473 3040 703 3116 exanimatus
714 3038 880 3126 concidit,
898 3044 1136 3136 mortuusque
1154 3038 1305 3115 eductus
1324 3038 1402 3130 fuit,
1422 3040 1596 3120 omuibus

473 3167 619 3267 quidem
637 3166 691 3241 rei
716 3164 879 3241 novitate
898 3164 1084 3257 attonitis,
1113 3164 1180 3240 sed
1197 3164 1342 3239 nemine
1360 3171 1502 3260 tamen,
1532 3171 1595 3244 vel

473 3293 588 3392 queri,
607 3292 668 3366 vel
685 3291 832 3366 hiscere
851 3290 1031 3367 duntaxat
1049 3295 1301 3383 anso,tantum
1321 3290 1393 3366 sibi
1411 3298 1593 3389 tyrannus

472 3422 536 3496 ille
555 3418 692 3494 deferri
710 3443 733 3494 a
750 3419 828 3494 suis
847 3421 1031 3518 postulat,
1060 3425 1101 3494 ut
1118 3419 1216 3494 inter
1234 3418 1337 3494 iussa
1355 3440 1441 3512 sna,
1471 3427 1510 3496 ct
1528 3445 1595 3498 nn-

472 3544 580 3620 minis
598 3545 758 3637 oracula,
776 3546 914 3621 nullum
932 3553 1054 3622 tamen
1074 3545 1271 3622 discrimen
1288 3545 1482 3642 relinquat.

928 3757 1142 3769 n--u——u-

683 3893 687 3900 ’
804 3939 979 4020 onnvr
1008 3941 1263 4037 urrunnu.

471 4121 532 4195 Dc
552 4119 788 4219 lepotiouibaa
807 4123 858 4196 ad
884 4120 1153 4220 confoederatos
1181 4127 1319 4220 missis,
1350 4153 1394 4199 uc
1415 4127 1597 4223 imprimis

857 4249 909 4322 ud
931 4247 1195 4324 Transitorium.

578 4423 737 4516 Quadis
756 4425 916 4502 Sinanns
934 4428 1077 4528 imperii
1095 4430 1220 4506 fasces
1240 4431 1422 4529 suscepit,
1451 4433 1489 4508 in
1517 4457 1595 4510 om-

467 4572 539 4624 nes
558 4551 743 4648 extemplo
762 4554 954 4653 regiones,
986 4580 1093 4654 qnam
1108 4557 1185 4632 late
1203 4556 1296 4634 fines
1324 4557 1468 4657 imperii
1492 4560 1591 4636 Tur-

467 4673 535 4751 cici
554 4679 830 4780 protenduntur,
849 4683 1019 4781 nuncios,
1038 4704 1132 4781 qnos
1148 4679 1333 4760 Chausios
1353 4684 1426 4784 ipsi
1445 4695 1589 4782 vocant,
