3625 5534
490 479 568 558 284
892 509 942 561 10.
963 509 1064 562 naen
1083 509 1232 562 narrovrr

482 684 637 760 latinum
655 695 857 762 monuerat.
896 687 955 760 Ea
983 709 1024 760 re
1052 684 1201 782 cognita
1231 683 1389 762 Michael
1419 687 1603 762 dedititios

482 808 626 888 Turcas
654 821 809 910 accepta
836 835 973 908 magna
1001 811 1181 910 pecuniae
1202 834 1345 888 summa
1380 812 1537 902 dimittit,
1566 823 1603 886 et

480 958 553 1011 non
572 936 652 1012 sine
670 938 801 1034 grandi
830 937 999 1014 mercede
1019 938 1208 1034 hybernas
1234 938 1402 1014 inducias
1422 939 1601 1014 Barbarie

483 1064 658 1140 concedit.
695 1065 785 1140 Mox
808 1065 911 1141 nulla
927 1090 969 1141 re
987 1063 1227 1158 memorabili,
1255 1067 1302 1141 ob
1322 1088 1471 1142 cansam
1489 1067 1600 1165 paulo

481 1198 567 1266 aute
596 1197 924 1283 commemoratam,
953 1197 1062 1286 gesta
1083 1189 1347 1287 Tergovistnm
1383 1215 1424 1267 se
1451 1190 1601 1291 recepit,

481 1316 688 1413 militesque
715 1294 980 1393 eranthoratos
1008 1317 1044 1393 in
1078 1317 1247 1415 hyberna
1274 1317 1420 1394 dimisit.
1459 1315 1600 1394 Caesar

480 1467 569 1530 vero
589 1443 820 1520 Mabometes
840 1442 1196 1544 Constantinopolim
1224 1468 1408 1536 reversus,
1427 1453 1468 1520 ut
1486 1445 1599 1542 negli-

479 1569 642 1666 gentiam
668 1569 817 1646 maioris
836 1571 1077 1648 Tartarorum
1097 1569 1227 1648 Obami
1255 1573 1470 1669 castigaret,
1498 1571 1598 1647 abdi·

480 1705 564 1772 cato
583 1696 789 1773 Kazikerei
807 1698 960 1774 fratrem
991 1697 1069 1772 eius
1097 1697 1273 1773 minorem
1292 1697 1514 1790 Pinoionem,
1539 1697 1597 1795 qui

479 1845 603 1900 seeum
621 1824 670 1898 ad
689 1823 847 1922 Agriam
864 1824 1010 1901 fortiter
1028 1847 1106 1899 rem
1125 1832 1307 1921 gesserat,
1315 1825 1476 1922 Imperio
1495 1847 1597 1924 prae·

479 1950 577 2028 fecit.
596 1951 655 2028 Ea
673 1976 715 2028 re
735 1961 935 2028 commotus
954 1951 1174 2042 Kazikerei,
1193 1952 1381 2049 ingentem
1400 1953 1438 2028 in
1453 1953 1597 2028 Torcas

478 2077 767 2174 indignationem
787 2079 955 2178 concipit,
986 2100 1201 2175 omnemque
1230 2078 1286 2154 eis
1314 2079 1513 2154 amicitiam
1541 2099 1595 2151 re-

477 2205 636 2284 nunciat.
656 2205 738 2296 Quo
758 2206 905 2304 cognito
919 2203 1443 2298 veritusansar,ueTurtari
1462 2203 1596 2279 bellum

479 2332 721 2410 Musulmanis
739 2333 928 2425 inferrent,
947 2332 1119 2408 minorem
1141 2329 1320 2408 (lbamum
1349 2331 1508 2408 emedio
1534 2329 1598 2404 tol-

478 2460 566 2546 lere,
585 2459 767 2558 huiusque
787 2467 914 2552 morte,
939 2459 1113 2534 amissam
1141 2457 1241 2534 illius
1270 2458 1429 2556 gratiam
1457 2457 1598 2532 recolli·

480 2607 570 2683 gere
589 2586 728 2662 statuit.
751 2585 892 2665 Habito
911 2585 1024 2682 igitur
1035 2583 1500 2684 concilioPurpuratorum,
1515 2583 1597 2658 Pin·

480 2709 620 2788 cionem
640 2708 999 2811 Constantinopolim
1028 2711 1075 2787 ad
1095 2735 1135 2786 se
1155 2718 1273 2804 vocat,
1303 2721 1339 2786 et
1368 2721 1441 2786 tam
1461 2710 1600 2808 copias,

479 2859 589 2936 quam
607 2837 683 2914 alia
702 2835 750 2912 ad
769 2838 1037 2914 restitutionem
1056 2837 1134 2913 eius
1161 2837 1376 2914 necessaria
1394 2859 1435 2911 se
1455 2837 1489 2912 ei
1509 2837 1598 2912 libe·

479 2963 664 3040 ralissime
683 2964 1000 3064 suppeditaturum
1021 2962 1225 3061 pollicetur.
1247 2959 1322 3039 Sed
1341 2985 1422 3036 cnm
1440 2963 1600 3039 novitius

478 3090 543 3166 ille
558 3087 721 3166 Ohamns
740 3091 994 3166 examieorum
1017 3088 1137 3165 literis
1156 3089 1436 3185 agnovissetse,
1458 3087 1490 3162 si
1510 3085 1600 3162 Con·

479 3217 757 3318 stantinopolim
783 3219 875 3308 iret,
906 3218 1137 3294 interfectum
1165 3215 1230 3290 iri.
1260 3237 1332 3313 quo
1369 3237 1411 3290 se
1437 3221 1599 3290 verteret

478 3344 643 3441 ignarus,
663 3345 835 3421 dubitans
854 3345 985 3439 adbuc,
1006 3343 1154 3420 tandem
1181 3343 1229 3419 ad
1248 3339 1484 3418 Theodorum
1503 3342 1597 3419 Mos·

479 3473 630 3550 cborum
650 3473 792 3550 Ducem
821 3476 1022 3572 confugere
1059 3471 1197 3568 statuit3
1227 3493 1298 3568 quo
1318 3492 1399 3546 oum
1417 3469 1594 3567 pollicita·

477 3599 638 3676 tionibus
657 3598 759 3675 illius
777 3600 956 3679 invitatus
975 3606 1159 3700 pergeret,
1179 3621 1203 3673 a
1220 3597 1338 3673 fratre
1359 3596 1592 3695 interceptus,

479 3733 590 3823 atque
609 3724 742 3824 capitis
761 3725 941 3825 supplicio
961 3726 1115 3801 affectus
1133 3722 1210 3798 luit.
1231 3721 1372 3799 Eodem
1381 3721 1490 3798 modo
1509 3745 1595 3797 uror

478 3851 601 3947 cinae
618 3853 733 3930 nobili
752 3852 988 3952 Vngarorum
1004 3853 1052 3929 ad
1069 3850 1326 3929 Munkacsium
1340 3849 1596 3926 Morioziorum

478 3989 590 4080 gente
607 3990 817 4080 procreata,
841 4004 921 4058 cum
941 3987 1098 4078 quatuor
1121 3979 1208 4054 filiis
1236 3986 1274 4053 et
1292 3976 1435 4054 duabus
1453 3977 1599 4053 filiabus

477 4105 741 4206 perduellionis
778 4108 954 4184 damnata
980 4114 1091 4205 atque
1115 4127 1228 4181 caesa
1263 4104 1342 4180 luit.
1380 4102 1478 4180 Aeta
1517 4111 1599 4180 sunt

477 4233 571 4311 baec
588 4233 687 4312 circa
705 4236 812 4312 tinem
831 4235 915 4312 anni
935 4227 1012 4310 CO.
1032 4233 1096 4312 10.
1118 4228 1255 4308 XCVI.
1280 4229 1422 4306 Eadem
1444 4237 1598 4315 aestate,

477 4385 524 4438 ne
542 4369 581 4438 et
597 4358 694 4436 bano
711 4361 882 4438 virtutem
902 4361 1046 4458 gloriae
1065 4355 1229 4459 praemio
1250 4353 1519 4440 defraudemus,
1539 4357 1599 4432 ho·

480 4487 602 4564 rarius
621 4487 769 4587 qnidam
797 4487 1000 4580 Ianiaarus,
1031 4508 1111 4562 enm
1127 4483 1275 4560 natione
1294 4491 1396 4558 esset
1412 4482 1600 4580 Vagatur,

481 4614 652 4690 abiurata
672 4612 893 4690 Mabometis
912 4614 1102 4712 religione,
1127 4611 1163 4686 in
1183 4633 1290 4708 quam
1310 4609 1601 4708 amplectendam

478 4739 633 4820 adactus
655 4741 789 4836 luerat,
807 4741 856 4820 ad
875 4741 1160 4840 Transylvanos
1179 4761 1259 4816 oum
1279 4758 1406 4831 uxore,
1431 4737 1602 4832 cognatis
