3625 5534
537 483 586 534 nu
605 483 684 536 nun.
705 485 788 536 vnn.
808 485 891 536 nnc.
912 489 949 540 1.
968 488 1002 537 n.
1030 487 1081 538 rx.
1300 461 1378 541 199

565 799 740 879 OAPVT
769 801 1066 883 SECVNDVM.

232 983 304 1056 De
328 981 489 1058 Macula
507 957 642 1059 Sinoni
660 984 799 1058 Barcae
812 986 854 1058 in
878 982 1170 1080 Transalpinam,
1183 994 1216 1056 et
1227 983 1375 1078 praelio

536 1109 726 1184 Michaelis
746 1108 918 1184 Palatini
936 1133 1016 1181 ωιτη
1037 1132 1086 1182 eo.

354 1287 454 1364 Dum
472 1289 566 1363 haec
583 1289 621 1362 in
639 1288 810 1384 Vngaria
826 1296 1016 1386 geruntur,
1036 1287 1196 1365 Sinanus
1227 1288 1372 1362 interea

231 1415 372 1490 Bassa
400 1414 582 1490 Venerius
610 1413 775 1490 ducentis
803 1414 950 1490 circiter
985 1414 1148 1489 millibus
1185 1413 1371 1489 hominnm

235 1540 458 1634 comitatus,
478 1547 589 1638 ponte
609 1563 655 1614 ex
675 1540 833 1615 navibus
852 1542 965 1629 tacto,
984 1540 1195 1616 Danubium
1215 1533 1374 1636 ader·

230 1665 409 1760 gloriam
429 1687 550 1741 arcem
570 1672 821 1763 superaverat,
842 1673 879 1739 et
897 1665 936 1738 in
956 1665 1226 1763 Tansalpinam
1255 1661 1371 1738 Vala-

230 1792 366 1868 ohiam
395 1791 591 1888 irruperat.
631 1791 690 1864 Ea
717 1813 758 1865 re
787 1791 939 1867 territus
978 1790 1141 1868 Michael
1178 1789 1370 1866 Palatinus

232 1917 535 2016 Transalpinae,
554 1916 686 1992 idoneo
707 1917 842 1991 eastris
862 1916 943 1992 loeo
963 1918 1144 2013 quaesito,
1176 1917 1303 2014 copias
1331 1914 1370 1989 in

229 2047 325 2121 loca
349 2043 489 2119 tutiora
515 2042 667 2132 reducit,
695 2042 829 2138 ibique·
849 2039 1045 2118 adventum
1072 2043 1232 2118 hostium
1260 2062 1367 2139 prae·

229 2165 377 2242 stolari
396 2168 535 2244 statuit.
569 2168 640 2242 Est
658 2169 761 2243 loeus
780 2189 853 2242 non
871 2168 1002 2265 procul
1025 2169 1074 2242 ab
1102 2169 1201 2243 Istro
1229 2165 1369 2241 densis-

229 2291 347 2365 simis
367 2292 538 2388 virgultis
569 2291 845 2389 circumseptus,
876 2315 922 2367 ac
949 2292 1226 2367 coenosissimis
1253 2312 1367 2388 aqna·

228 2437 321 2490 rum
340 2415 434 2490 rivis
452 2415 505 2491 ita
534 2415 773 2513 interruptus,
793 2423 833 2490 ut
856 2423 970 2511 ponte
989 2416 1141 2491 transiri
1166 2416 1213 2491 ob
1233 2439 1366 2512 angus-

230 2541 329 2617 tiam
351 2541 497 2618 debeat.
531 2541 641 2617 Hunc
660 2542 779 2618 locum
798 2542 915 2617 nostri
935 2543 1209 2640 praetergressi
1219 2544 1364 2622 modico

228 2667 367 2764 spatio
390 2667 438 2742 ab
458 2689 501 2744 eo
521 2674 651 2744 castra
668 2676 816 2766 ponunt,
836 2666 998 2766 illasque
1016 2668 1165 2766 paludis
1190 2693 1236 2744 ac
1254 2670 1366 2746 inter-

227 2792 436 2868 iacentium
482 2793 672 2890 sylvarum
719 2794 914 2890 angustias
961 2793 1154 2891 dispositis
1188 2796 1365 2870 custodiis

229 2917 415 2993 muniunt.
446 2914 605 2993 Sinanus
632 2924 736 2992 tanta
765 2927 976 2994 nostrorum
1005 2919 1160 2994 andacia
1187 2920 1365 3010 irritatua

228 3041 338 3139 qnod
358 3042 524 3138 quamvis
545 3050 622 3119 tam
640 3045 750 3139 pauci
767 3066 919 3119 numero
936 3054 1076 3138 essent,
1097 3045 1295 3121 adventum
1312 3053 1365 3119 ta·

232 3189 324 3242 men
336 3190 442 3244 suum
452 3169 679 3266 praestolari
689 3190 762 3244 non
772 3177 1007 3264 vererentur3
1021 3169 1210 3246 duodecim
1219 3169 1367 3245 circiter

228 3301 466 3372 armatorum
486 3291 603 3368 millia
622 3316 669 3368 ex
688 3295 785 3368 omni
804 3296 970 3370 exercitu
988 3295 1124 3390 seligit,
1144 3318 1190 3370 ac
1209 3295 1365 3369 instruc-

228 3430 272 3496 ta
294 3419 380 3494 acie
398 3426 528 3493 eontra
556 3427 716 3510 nostros,
751 3421 813 3517 qui
835 3420 896 3492 vix
925 3427 1032 3495 erant
1056 3442 1124 3495 sex
1150 3420 1285 3509 millia,
1315 3418 1366 3494 ad

226 3545 427 3644 palustres
455 3544 649 3639 angustias
687 3545 818 3620 educit.
856 3542 1051 3620 Palatinus
1088 3546 1176 3620 licet
1203 3543 1365 3619 animad-

229 3677 407 3746 verteret
425 3689 466 3743 se
485 3690 637 3744 numero
655 3669 814 3746 hostium
835 3669 1013 3768 imparem
1033 3693 1128 3760 esse,
1139 3670 1222 3744 Deo
1241 3675 1365 3743 tamen

229 3819 280 3871 ac
302 3793 379 3870 loci
398 3801 540 3878 natura,
560 3815 781 3891 suorumque
800 3795 976 3870 instinctu
995 3795 1161 3894 confisus·
1182 3795 1365 3868 fortunam
1465 3789 1472 3800 ’

229 3919 403 4014 experiri
422 3915 561 3994 statuit.
583 3917 744 3993 Proinde
763 3919 967 4014 instructis,
987 3940 1081 4017 quas
1101 3939 1225 3992 secum
1253 3915 1365 3991 habe·

227 4047 303 4120 bat
323 4043 452 4141 copiis,
472 4043 511 4118 in
528 4043 621 4138 ipsis
641 4046 892 4141 angustiarum
904 4044 1075 4120 faucibus
1087 4043 1226 4118 Sinano
1240 4064 1365 4116 oecur-

225 4171 291 4260 rit‚
314 4168 519 4266 paucisque
537 4193 606 4267 pro
630 4177 795 4266 tempore
815 4191 902 4243 suos
924 4170 1148 4258 cohortatus,
1168 4169 1317 4242 excelso
1327 4167 1365 4240 in

225 4295 381 4370 hostem
401 4291 521 4367 animo
546 4293 741 4370 invehitur,
769 4295 870 4369 Dato
898 4316 1046 4392 pugnae
1075 4294 1196 4388 amno,
1225 4291 1364 4366 acerri-

229 4441 336 4493 mum
347 4416 553 4491 conseritur
562 4419 752 4515 praelium.
769 4419 819 4493 Et
828 4419 913 4494 dum
923 4419 1040 4494 nostri
1051 4419 1197 4506 virtute,
1206 4414 1367 4490 Barbari

231 4539 483 4632 multitudine,
513 4563 554 4616 se
588 4545 799 4641 superiores
836 4545 917 4618 fore
954 4550 1124 4641 sperant,
1161 4542 1367 4616 alternante

227 4669 361 4744 Marte
381 4674 580 4764 pugnatur.
602 4669 772 4744 Tandem
791 4677 986 4767 postquam
1005 4677 1082 4744 toto
1102 4669 1161 4742 die
1188 4674 1364 4742 eertatum
