3625 5534
500 525 852 585 nonsummum.
871 529 905 583 x.
926 530 959 584 u.
979 531 1002 583 1.
1263 509 1309 586 17

211 706 360 798 collutis,
378 713 482 782 tanto
501 704 634 782 ardore
651 707 831 806 proelium
850 706 985 800 iniere,
1005 716 1045 784 ut
1062 705 1207 785 hostem
1227 732 1310 786 oon-

209 832 318 909 iestim
333 833 371 908 in
396 835 523 931 fugam
542 841 747 929 verterent,
777 842 813 910 et
841 856 981 910 summu
1010 834 1047 908 vi
1074 835 1112 909 iu
1140 833 1311 936 Oolopim

209 957 340 1034 fluvium
358 959 602 1058 impellerent.
631 960 764 1036 Mirum
782 961 948 1059 profeoto
968 961 1054 1054 fuit,
1075 968 1112 1036 et
1129 963 1201 1037 soli
1221 962 1311 1036 divi-

209 1108 269 1162 uue
293 1087 480 1185 potentiae
498 1087 800 1181 adscribendum,
829 1087 925 1185 quod
943 1095 1047 1164 tanto
1069 1089 1312 1165 barbarorum

209 1211 406 1321 multitudo,
433 1214 551 1311 primo
570 1213 695 1289 statim
722 1221 932 1291 nostrorum
950 1215 1088 1314 impetu
1111 1216 1231 1300 fundi,
1260 1224 1313 1292 ut

210 1364 269 1438 que
293 1339 416 1438 fugari
443 1341 624 1439 potuerit,
652 1349 755 1417 teuto
784 1340 930 1417 divinoe
959 1341 1174 1418 elementiae
1202 1364 1311 1437 urgu-

210 1474 336 1558 meuto,
364 1474 406 1542 ut
423 1467 551 1565 plures
571 1492 594 1542 a
612 1490 653 1544 se
671 1468 847 1557 invicem,
877 1467 961 1543 dum
981 1469 1077 1543 alter
1095 1469 1249 1544 alterum
1275 1468 1315 1543 iu

210 1593 288 1689 fugo
304 1593 530 1692 praeoedere
547 1595 717 1688 festinat,
738 1602 776 1671 et
794 1595 941 1670 flumine
962 1592 1134 1694 Colapis,
1163 1619 1272 1693 quom
1292 1618 1315 1669 o

209 1720 333 1796 uostris
350 1719 528 1797 militibus
537 1723 718 1820 perempti
726 1722 882 1798 fuerunt.
904 1721 1058 1799 Periere
1068 1746 1148 1798 oum
1158 1722 1314 1798 Hozouo
1431 1719 1435 1736 '

210 1845 320 1922 Basso
337 1869 476 1923 summo
504 1847 691 1946 oupiorum
721 1848 812 1924 duee
836 1849 1013 1941 Memius,
1041 1849 1249 1942 Rustonus,
1278 1854 1316 1923 et

211 1971 407 2050 lohmouus
426 1971 605 2050 Caesaris
625 1974 780 2064 amitae,
809 1975 854 2049 de
873 1997 946 2072 quo
965 1977 1075 2074 poulo
1094 1984 1180 2075 post
1203 1974 1315 2074 pluri-

211 2099 271 2176 bus
286 2100 448 2196 dicetur,
465 2101 576 2196 lilius,
594 2101 739 2177 iuvenis
756 2101 1021 2178 maximoeiom
1032 2103 1123 2200 spei.
1143 2102 1316 2178 Praefer-

210 2229 432 2328 tusIllyrioi,
459 2229 645 2327 oetorique
664 2228 805 2326 aliquot
831 2229 963 2321 duoes,
988 2251 1081 2326 quos
1099 2228 1172 2327 ipsi
1190 2229 1317 2324 Bogus

213 2364 349 2445 rorant,
375 2355 439 2455 qui
467 2378 592 2432 omues
617 2353 770 2453 Colapis
797 2354 944 2432 flumine
972 2355 1153 2431 submersi
1171 2354 1318 2430 interie-

213 2490 294 2558 runt.
314 2481 580 2581 Gregoriorum
599 2504 772 2558 uumerus
791 2489 891 2557 oerto
910 2482 995 2558 iniri
1005 2507 1078 2560 nou
1095 2481 1225 2582 potuit,
1236 2504 1317 2557 oum

212 2607 374 2706 plurimos
381 2608 637 2708 rapidissimus
647 2605 802 2706 Colapis
812 2631 952 2706 gurges
963 2608 1317 2708 absorpserit30erto

213 2741 320 2811 tumui
337 2736 465 2828 fertur,
477 2733 743 2830 advigiutisex
759 2734 1003 2810 barbarorum
1022 2734 1138 2811 millia
1156 2759 1201 2810 ea
1212 2734 1317 2810 elude

212 2862 365 2958 periisse,
385 2863 446 2961 qui
458 2861 566 2937 nimis
581 2869 797 2959 extouurut3
816 2861 977 2937 sedecim
996 2860 1320 2959 millioabsumptu

215 3009 287 3064 esse
303 2990 472 3087 tradunt3
500 2995 585 3065 suut
603 2988 716 3064 etium
733 2995 917 3064 tormenta
935 2981 1003 3062 sex
1021 2989 1182 3064 maximo
1201 2987 1317 3062 hosti-

215 3113 274 3190 bus
291 3116 471 3215 adempto,
490 3115 970 3213 quorumiunumerounum
979 3114 1166 3191 fuitrorae
1180 3113 1320 3209 magui·
1463 3189 1470 3209 ,

215 3240 355 3338 tudinis,
386 3243 484 3341 quod
504 3240 590 3318 olim
618 3238 802 3317 Gauianus
821 3263 901 3316 oum
921 3240 1072 3338 reliquis
1101 3237 1200 3339 opud
1226 3239 1319 3313 Eue-

217 3389 284 3443 oum
302 3369 485 3446 omiserat.
505 3366 580 3443 Sed
599 3375 637 3443 et
655 3368 798 3443 minora
811 3375 1004 3456 tormenta,
1025 3391 1133 3466 quom
1153 3366 1320 3466 plurimo,

216 3515 278 3571 unu
293 3519 371 3573 eum
387 3496 542 3592 triginta
559 3494 727 3589 navibus,
747 3501 963 3587 commeatu,
983 3503 1180 3590 ceteroque
1198 3514 1321 3568 rorum

217 3623 445 3717 pretiosorum
454 3620 685 3698 multitudiue
694 3621 858 3698 oneratis
872 3628 1003 3720 erepto
1020 3619 1188 3696 hostibus
1206 3620 1320 3694 fuere.

218 3745 268 3819 11⁸
283 3750 384 3844 iuris,
401 3750 615 3847 fugatisque
626 3749 773 3842 Turris,
783 3755 908 3824 eastra
919 3770 1043 3825 eorum
1053 3755 1157 3823 trans
1173 3745 1321 3820 fluvium

217 3871 353 3976 Colapis
371 3878 515 3970 relicto,
533 3874 691 3952 navibus
710 3875 890 3952 ooriuoeis
911 3875 959 3949 ud
978 3895 1043 3950 eos
1061 3895 1151 3948 usus
1166 3872 1240 3946 iam
1259 3893 1320 3944 au·

216 4009 268 4077 ter
284 4005 476 4096 confectis,
495 4001 631 4078 milites
658 4000 881 4096 transverti,
901 4001 1096 4098 diripuere,
1117 4007 1154 4072 et
1171 3997 1323 4071 osloues

216 4149 327 4208 omues
345 4156 428 4208 eum
445 4139 523 4207 toto
542 4129 744 4229 praesidio,
764 4138 875 4227 atque
894 4128 994 4203 lixas
1012 4125 1146 4225 partim
1166 4119 1324 4198 trueido-
1400 4105 1403 4114 ’

216 4276 301 4350 rere,
319 4258 453 4357 purtim
474 4257 542 4332 sub
562 4279 701 4334 eorouu
718 4255 930 4332 vendidere.

679 4537 857 4554 h*

255 4907 365 4955 lom
374 4907 465 4951 ΠΕΟ.
473 4907 552 4950 nisit
560 4925 586 4934 -
599 4898 786 4946 BCBMORFA.
794 4896 864 4940 xvu.
