3625 5534
509 551 558 601 nu
576 551 658 602 sus.
679 522 869 602 vuu'nnc.
890 551 925 600 x.
947 552 980 601 u.
1000 552 1036 602 x.
1266 527 1343 604 253

218 733 428 819 vastavere,
458 749 503 800 ac
529 725 662 800 incolis
682 725 830 800 'Furcae
858 725 1029 817 subditis,
1061 725 1195 824 partim
1215 726 1347 813 caesis,
1389 705 1393 708 ’

217 849 353 947 partim
372 851 411 924 iu
430 850 645 925 servitutem
664 849 839 941 redactis,
858 847 974 925 totam
994 850 1346 950 illamprovinoiam,

220 997 294 1050 una
323 999 405 1049 cum
424 975 589 1051 Bekesio
616 977 815 1074 metropoli
842 977 1052 1075 ceterisque
1080 978 1242 1076 oppidis,
1271 1001 1350 1053 oru-

219 1099 338 1174 delers
368 1099 406 1173 in
434 1100 579 1175 modum
607 1099 807 1198 diripuere.
844 1103 937 1177 Inde
975 1125 1054 1177 cum
1083 1101 1232 1200 praedis
1268 1125 1347 1178 cru·

218 1226 315 1300 entis
343 1226 501 1324 profecti
530 1227 837 1304 Tbmdsvariensi
865 1251 907 1304 se
935 1230 1178 1325 coniungunt,
1208 1237 1245 1305 et
1273 1253 1347 1305 una

215 1355 288 1428 iam
308 1374 390 1427 cum
402 1342 538 1428 ancis
558 1352 717 1450 Lippam
735 1353 917 1429 obsident.
939 1353 1119 1435 Praeerat
1137 1355 1282 1454 Lippae
1301 1377 1346 1430 ea

219 1485 442 1578 tempestate
484 1475 673 1575 Georgius
701 1479 871 1578 Borbely
909 1481 1038 1555 summi
1072 1480 1258 1580 capitanei
1286 1503 1347 1554 no·

219 1607 327 1694 mine,
348 1605 411 1703 qui
433 1628 515 1679 eam
533 1606 663 1680 urbem
683 1608 866 1702 superiori
885 1631 982 1683 anno
1003 1631 1083 1682 cum
1094 1607 1179 1683 aliis
1199 1607 1347 1705 quibus-

218 1731 314 1824 dam,
343 1738 519 1828 utsupra
549 1732 684 1806 dictum
713 1740 782 1826 est,
810 1732 960 1810 arcibus
980 1757 1000 1808 e
1020 1734 1189 1809 manibus
1210 1733 1349 1808 Torea-

219 1866 531 1933 rnmextorscrat.
553 1861 592 1932 Is
614 1859 785 1933 adiuncto
795 1859 868 1933 sibi
879 1883 926 1934 ex
937 1858 1122 1956 equitibus
1133 1859 1349 1954 Volfgango

218 1982 364 2069 Petkio,
385 2005 432 2058 ex
450 1984 606 2058 militum
627 1985 785 2059 tribunis
806 1984 921 2061 Petro
935 1985 1162 2061 Barrabasio
1183 1991 1220 2059 et
1232 1983 1349 2058 Fran-

219 2109 318 2183 cisco
338 2109 480 2185 Thurio
500 2133 546 2184 ac
564 2109 815 2209 compluribus
824 2111 922 2202 aliis,
941 2099 1112 2208 quamvis
1126 2111 1346 2186 tenuissima

218 2233 429 2309 valetudine
449 2242 565 2326 esset,
585 2242 710 2311 tamen
728 2235 820 2310 nihil
839 2237 912 2311 sibi
933 2237 980 2312 ad
991 2259 1169 2311 summam
1189 2233 1344 2332 diligen-

218 2347 307 2436 tiam
337 2359 619 2457 relinquendum
648 2362 787 2436 statuit.
827 2361 960 2459 Itaque
992 2361 1117 2436 missis
1146 2361 1349 2452 confestim,

221 2487 282 2583 qni
300 2485 511 2583 Principem
532 2487 577 2560 de
598 2487 765 2584 periculo
775 2487 1018 2586 Lippensium
1037 2488 1232 2564 certiorem
1250 2488 1350 2561 iace-

219 2618 313 2702 rent,
331 2611 434 2686 iubet
461 2610 640 2687 selectam
661 2614 824 2710 equitum
842 2613 1078 2711 peditumque
1108 2636 1253 2688 manum
1268 2636 1351 2711 por·

200 2739 270 2812 ·tis
289 2759 493 2833 erumpere,
514 2746 552 2813 et
570 2739 791 2815 acerrimam
812 2763 892 2815 cum
910 2741 1080 2814 hostibus
1090 2761 1253 2838 pugnam
1268 2760 1351 2813 con·
1386 2838 1388 2844 Ι

223 2886 359 2939 serere.
433 2862 495 2938 llli
542 2865 717 2940 mandata
762 2877 913 2940 strenue
961 2866 1114 2956 executi,
1153 2871 1352 2964 postquam

223 2988 473 3088 compluribus
491 2990 701 3066 interfectis
718 2991 881 3089 impares
910 3013 951 3065 sc
980 2997 1107 3066 tantae
1127 2965 1348 3066 multitudini

224 3113 360 3200 vident,
383 3115 648 3211 ingruentibus
666 3141 691 3191 a
708 3124 818 3214 tergo
836 3116 1017 3208 hostibus,
1045 3117 1081 3190 in
1109 3116 1238 3191 urbem
1269 3136 1355 3190 sese

223 3241 403 3338 recipere,
423 3263 469 3315 ac
497 3241 710 3336 distributa,
740 3265 848 3340 quarn
877 3244 1034 3342 quisque
1054 3242 1181 3340 oppidi
1208 3249 1353 3341 partem

222 3373 401 3450 tueretur,
420 3368 542 3443 omnia
563 3391 659 3465 quae
674 3375 802 3445 tantae
821 3368 1025 3444 defensioni
1045 3369 1352 3446 necessariafore

225 3491 446 3584 viderentur,
465 3501 574 3568 noctu
595 3517 832 3592 reparavere.
850 3494 994 3570 Hostes
1004 3495 1197 3570 tormentis
1207 3495 1245 3570 in
1255 3516 1354 3570 mon-

225 3625 298 3692 tem
315 3618 401 3692 urbi
419 3617 668 3693 imminentem
687 3621 900 3718 protractis,
915 3644 961 3696 ex
981 3641 1025 3695 eo
1044 3642 1199 3717 prorsus
1215 3621 1296 3696 loco
1316 3621 1353 3694 in

224 3764 348 3818 muros
367 3744 552 3835 detonant,
571 3745 668 3820 unde
677 3744 796 3820 nostri
807 3746 911 3843 prius
921 3746 1019 3821 idem
1031 3746 1208 3836 fecerant,
1230 3745 1352 3820 omnia

228 3875 388 3959 tentant,
419 3892 657 3967 quaecunque
692 3878 769 3945 tam
797 3871 977 3947 victoriae
1005 3869 1206 3968 cupiditas,
1244 3892 1354 3966 quam

228 3995 412 4071 vindictae
441 3996 601 4072 studium
635 3998 827 4095 postulare
856 3997 905 4070 ab
935 3995 1153 4069 immanibus
1173 3994 1353 4070 Barbarie

226 4121 458 4197 videbantur.
486 4121 689 4198 Resistitur
716 4122 951 4197 nihilominus
980 4144 1026 4195 ex
1056 4118 1177 4194 altera
1203 4127 1353 4218 partes

229 4247 380 4341 nostris,
399 4248 539 4341 eadem,
560 4270 633 4345 qua
650 4249 781 4347 pridie,
809 4247 1028 4336 constantia,
1055 4245 1167 4342 idque
1194 4245 1235 4319 lit
1254 4245 1352 4320 dein·

228 4395 315 4472 ceps
335 4373 495 4471 quinque
513 4375 668 4472 reliquis
688 4375 839 4450 diebus:
857 4374 960 4450 nulla
974 4355 1063 4471 pars
1083 4371 1251 4449 nocturni
1262 4379 1350 4446 tern-

227 4501 329 4596 poris
348 4501 396 4576 ad
414 4500 581 4576 laborem
600 4501 861 4594 intermittitur,
881 4523 954 4576 non
974 4500 1111 4596 aegris,
1130 4520 1203 4574 non
1222 4499 1347 4574 vulne·
1435 4586 1439 4594 ¹

226 4625 317 4701 ratis
334 4624 497 4701 facultas
517 4627 653 4725 qnietis
673 4627 791 4702 datur.
830 4626 1081 4725 Quaecunque
1114 4623 1161 4699 ad
1189 4623 1348 4722 proximi

230 4750 301 4826 dici
318 4754 629 4850 oppugnationem
648 4752 937 4852 propulsandam
956 4774 1049 4852 opus
1069 4773 1155 4828 esse
1174 4750 1351 4826 videban-
