3625 5534
482 503 557 581 166
890 527 937 574 ro.
958 524 1058 574 pecu
1076 522 1225 574 annovrr

481 728 560 781 rum
575 726 719 800 quoque
749 701 902 777 eandem
940 699 1182 796 vigilantiam,
1219 719 1345 772 curam
1382 707 1419 773 et
1456 701 1597 775 sollici-
1732 802 1733 807 Ν

480 833 640 908 tudinem
661 837 850 926 suggerat,
876 851 949 924 qua
975 827 1072 902 salui
1098 847 1226 902 omnes
1254 832 1292 898 et
1308 824 1513 902 incolumes
1531 828 1602 902 sub

481 956 707 1057 protectione
725 956 805 1031 eius
825 976 1041 1053 permanere
1070 960 1216 1048 queant.
1245 951 1363 1028 Porro
1388 953 1603 1052 intelligere

480 1083 662 1160 seloedus
680 1081 827 1157 iamdiu
846 1079 1115 1178 optatissimum
1125 1099 1205 1153 cum
1215 1075 1465 1154 Romanorum
1479 1080 1600 1178 Impe-

482 1219 617 1302 ratore,
638 1219 749 1306 atque
767 1208 861 1283 adeo
891 1230 970 1281 cum
994 1205 1126 1303 Regno
1145 1204 1349 1302 Vngariae,
1361 1229 1478 1303 opera
1495 1204 1601 1280 Prin

482 1337 614 1436 cipalis
633 1336 845 1412 Maiestatis
865 1335 975 1409 ictum
994 1334 1317 1430 confirmatumque
1335 1355 1440 1409 esse:
1465 1356 1537 1431 pro
1559 1357 1603 1408 eo
1733 1338 1734 1353 ¹

484 1488 525 1540 se
546 1465 628 1539 Deo
647 1463 826 1563 imprimis
845 1462 989 1559 gratias
1007 1483 1132 1558 agere,
1162 1461 1224 1557 qui
1248 1461 1341 1536 tanti
1359 1461 1606 1560 Imperatoris

484 1592 645 1666 animum
664 1591 701 1664 in
719 1590 885 1665 favorem
905 1588 1014 1663 huius
1033 1586 1253 1663 Provinciae
1280 1587 1476 1680 inflexerit,
1515 1612 1603 1664 eun-

484 1717 638 1812 demque
655 1715 812 1812 precari,
831 1723 871 1789 nt
889 1714 997 1788 huius
1014 1713 1178 1788 foederis
1196 1721 1272 1788 tam
1299 1713 1453 1804 initium,
1491 1737 1604 1811 qnam

484 1842 620 1916 exitum
637 1841 691 1916 ita
710 1841 882 1938 dignetur
908 1841 1119 1928 fortunare,
1157 1862 1228 1936 quo
1256 1840 1495 1940 imposterum
1515 1863 1605 1938 quo·

485 1988 555 2066 qne
574 1969 670 2044 bunc
685 1968 839 2043 eundem
850 1965 1031 2043 Caesaris
1043 1962 1254 2042 Germanici
1266 1966 1434 2041 favorem
1455 1988 1606 2067 semper

482 2096 699 2170 inoffensum
727 2093 887 2169 retinere
915 2098 1062 2189 queant.
1110 2089 1218 2182 Quod
1244 2113 1334 2166 vero
1352 2091 1527 2188 postulet,
1565 2103 1606 2168 ut

485 2220 712 2297 conditiones
731 2218 892 2294 foederis
911 2219 976 2292 icti
1005 2218 1078 2314 ipsi
1097 2239 1242 2315 quoque
1252 2240 1319 2292 suo
1329 2240 1512 2296 consensu
1521 2242 1605 2294 con-

486 2349 633 2422 firmare
652 2346 777 2437 velint,
796 2345 830 2420 ei
850 2367 892 2419 se
910 2352 996 2418 voto
1006 2342 1255 2419 libentissime
1264 2365 1486 2420 assessnros
1505 2355 1606 2422 eate-

488 2496 566 2566 nus,
586 2480 766 2569 quatenus
786 2472 869 2568 ipsa
902 2491 1048 2567 quoque
1065 2469 1289 2570 Principalis
1315 2471 1501 2548 Maiestas
1521 2495 1606 2549 con·

489 2600 645 2675 ditiones
672 2598 758 2672 illas
787 2605 889 2672 ratas
909 2597 1109 2692 firmasque
1127 2596 1267 2673 habere
1306 2599 1437 2692 vellet,
1477 2601 1530 2675 ita
1547 2609 1607 2676 ta-

489 2751 570 2802 men
606 2734 647 2800 ut
673 2725 901 2800 confirmatio
927 2723 1109 2800 Ordinnm
1137 2733 1212 2799 tum
1242 2724 1390 2800 tandem
1408 2734 1606 2827 utramque

488 2860 630 2952 partem
650 2850 801 2946 obliget,
822 2873 902 2926 oum
913 2847 1160 2926 Serenissima
1171 2847 1318 2947 Sponsa
1337 2852 1459 2927 Maria
1479 2850 1607 2930 Chris

489 2981 611 3055 tierna
628 2977 732 3052 iuxta
760 2977 1048 3052 transactionem
1059 2973 1311 3052 Graecensem
1326 2977 1375 3051 ad
1393 2982 1608 3082 praescrip·

489 3115 562 3182 tum
584 3105 679 3180 diem
698 3104 856 3180 adducta
875 3103 996 3194 luerit,
1016 3111 1053 3177 et
1078 3101 1305 3179 confirmatio
1343 3107 1608 3184 transactionis

490 3255 533 3307 eo
554 3233 671 3324 modo,
691 3233 808 3329 quiin
838 3230 1021 3329 capitibus
1039 3229 1201 3305 foederis
1221 3253 1424 3328 expressus
1442 3242 1514 3326 est,
1534 3233 1605 3312 Or·

491 3359 634 3434 dinibus
654 3357 775 3454 Regni
803 3357 985 3457 praestita
1011 3356 1131 3431 fucrit.
1153 3356 1369 3455 Intelligere
1389 3359 1500 3435 etiam
1520 3383 1608 3437 sese

491 3484 618 3560 dicunt
646 3509 691 3559 ex
712 3485 790 3559 eius
810 3483 1055 3582 suggestione
1075 3505 1139 3558 eos
1154 3505 1240 3559 esse
1260 3486 1465 3562 'Parcarum
1499 3511 1610 3565 cona·

489 3623 558 3704 tus,
585 3619 624 3685 ut
652 3609 722 3684 hac
749 3611 1069 3708 proximaaestate
1089 3631 1216 3684 omnes
1234 3611 1334 3685 vires
1352 3612 1391 3686 in
1408 3614 1610 3712 perniciem

491 3737 794 3828 Christianorum,
823 3760 868 3810 ac
895 3736 932 3810 in
950 3735 997 3810 iis
1024 3736 1220 3833 praecipue
1249 3737 1609 3836 Transylvanorum

492 3864 659 3941 collaturi
698 3862 899 3938 videantur.
939 3859 1101 3935 Proinde
1148 3863 1315 3959 quamvis
1361 3865 1478 3940 variis
1525 3891 1612 3966 pro·

492 3995 612 4068 rimae
650 3990 894 4087 expeditionis
947 3988 1154 4086 sumptibus
1191 3995 1267 4064 turn
1312 3989 1478 4089 ipsimet,
1533 4003 1611 4071 tum

491 4143 579 4196 vero
617 4116 752 4192 subditi
790 4114 937 4214 penitus
974 4115 1145 4189 exhausti
1191 4124 1337 4208 essent,
1368 4124 1492 4193 tamen
1528 4143 1613 4197 oum

491 4246 610 4322 sciant
628 4265 779 4318 nervum
799 4241 888 4317 belli
903 4240 1056 4338 gerendi
1076 4264 1160 4316 esse
1179 4244 1383 4341 pecuniam,
1394 4246 1612 4343 promittere

493 4394 534 4446 se
553 4372 590 4446 in
610 4369 789 4446 rationem
818 4369 1045 4466 singularum
1074 4375 1264 4467 portarum
1292 4370 1399 4446 binos
1426 4372 1611 4468 florenos,

491 4518 558 4597 pro
587 4494 785 4595 praesidiis
813 4495 956 4571 alendis
987 4496 1112 4593 sesqui
1130 4494 1306 4572 florenos:
1356 4497 1612 4598 deniquepro

492 4619 738 4720 peculiaribus
759 4619 877 4696 Aulac
888 4619 1112 4719 Principalis
1121 4623 1250 4698 usibus
1259 4624 1426 4719 singulos
1436 4625 1612 4720 florenos,

494 4769 586 4851 quos
604 4747 676 4846 ipsi
695 4747 775 4822 sine
793 4750 888 4826 omni
908 4749 1052 4824 delectu
1073 4757 1200 4826 essent
1217 4751 1458 4853 praescriptis
1478 4753 1612 4832 diebus

575 4893 580 4931 l
