3625 5534
475 483 552 562 188
878 504 928 556 10.
948 504 1051 555 naen
1068 505 1219 558 nnnovu

473 686 541 759 rim
562 681 745 780 quandam
765 680 997 754 disiecerant.
1022 681 1078 754 Eo
1096 680 1232 758 iudicio
1252 689 1291 757 et
1307 683 1438 758 fraude
1457 683 1597 758 Tures-

473 833 552 886 rum
572 808 731 905 cognita,
751 805 886 880 Petrus
901 806 1110 879 Barrabtsi
1138 807 1276 882 milites
1305 808 1353 881 ad
1381 832 1487 882 arma
1512 831 1597 884 cou-

474 937 619 1027 clamat,
638 939 779 1031 etpost
797 931 1013 1006 acerrimum
1033 954 1115 1007 oum
1131 933 1179 1007 iis
1203 933 1421 1025 conflictum,
1451 959 1533 1009 cum
1561 941 1599 1010 et

473 1063 555 1161 ipse
572 1060 776 1137 fortissime
794 1058 994 1156 pugnando
1013 1057 1146 1134 vulnus
1164 1061 1364 1137 inbracbio
1376 1061 1598 1160 accepisset

475 1211 540 1263 eos
560 1208 685 1262 omnes
706 1183 754 1260 ad
771 1206 881 1258 unum
900 1183 1084 1258 vindictae
1103 1185 1225 1259 studio
1244 1186 1440 1277 trucidant,
1468 1194 1510 1262 ut
1535 1183 1598 1283 qui

474 1313 669 1388 deditionis
688 1311 856 1387 inducias
874 1309 1091 1404 violassent,
1103 1311 1237 1409 dignas
1255 1313 1435 1410 perfidiae
1454 1336 1598 1412 poenas

475 1439 628 1514 luerent.
666 1438 754 1512 Mox
792 1435 983 1511 moenibus
1020 1437 1203 1512 assistens
1232 1437 1497 1529 Barrabasius,
1521 1440 1600 1513 alta

474 1586 566 1639 voce
584 1563 770 1660 Vngaros,
791 1561 854 1658 qui
872 1567 982 1636 extra
999 1562 1195 1637 castellum
1214 1585 1293 1638 cum
1313 1563 1410 1640 iusto
1440 1565 1599 1639 Timos-

472 1688 656 1764 vsriensis
675 1688 820 1762 Bassae
839 1687 1007 1762 exercitu
1026 1686 1279 1780 decertabant,
1298 1689 1448 1782 animat,
1468 1698 1509 1765 et
1525 1711 1600 1765 mo

478 1817 523 1890 do
542 1813 767 1914 paucitatem
785 1811 958 1906 bostium,
978 1812 1086 1887 modo
1104 1813 1232 1909 lugam
1248 1813 1465 1912 ingeminat,
1505 1825 1542 1892 et
1558 1824 1602 1890 ut

474 1939 676 2016 innomine
696 1936 917 2033 Salvatoris,
939 1961 1047 2035 quem
1064 1938 1121 2013 illi
1144 1949 1425 2037 persequuntur,
1452 1940 1603 2017 fortiter

475 2074 604 2144 contra
631 2063 837 2142 Christiani
863 2065 1021 2140 nominis
1048 2064 1178 2140 hostes
1206 2064 1390 2159 dimicent,
1416 2067 1603 2142 instanter

475 2217 540 2272 eos
568 2191 747 2268 hortetur.
784 2192 844 2266 lta
872 2191 1021 2265 Turcae
1049 2198 1125 2265 tam
1152 2191 1191 2266 in
1218 2214 1307 2267 arce
1334 2189 1382 2266 ad
1409 2199 1603 2268 tercentos

474 2319 621 2396 circiter
650 2315 763 2410 caesi,
793 2338 903 2412 quam
932 2322 1040 2390 extra
1067 2338 1192 2391 arcem
1219 2316 1293 2393 tusi
1312 2317 1509 2415 fugatique
1527 2341 1604 2393 nou

474 2445 667 2523 admodum
687 2450 876 2518 cruentam
894 2442 1033 2517 nostris
1044 2441 1238 2518 victoriam
1246 2445 1487 2543 reliquerunt.
1509 2443 1604 2519 Per·

349 2623 354 2634 ·
471 2563 595 2648 ierant
613 2570 709 2646 enim
728 2593 775 2645 cx
794 2569 963 2667 Vngaris
981 2571 1061 2646 fere
1090 2570 1247 2667 ducenti,
1276 2595 1358 2647 oum
1387 2594 1433 2646 cx
1451 2572 1604 2648 Barba·

472 2698 526 2772 ris
557 2695 667 2793 pauci
694 2693 887 2770 admodum
919 2696 1140 2771 evasissent.
1170 2698 1216 2771 In
1242 2695 1290 2770 iis
1326 2703 1364 2772 et
1380 2698 1517 2791 Bassa,
1537 2699 1604 2796 qui

474 2845 555 2897 cum
573 2821 611 2896 in
629 2821 819 2920 proximas
839 2824 969 2919 sylvas
989 2820 1141 2921 elapsus
1161 2831 1309 2917 esset,a
1328 2824 1487 2923 quodam
1506 2824 1606 2900 'Pur-

474 2951 552 3026 cico
572 2947 696 3048 pedite
715 2947 788 3022 loci
806 2948 928 3046 perito
946 2949 985 3023 in
1003 2956 1119 3024 tutum
1138 2950 1318 3026 abductus
1335 2950 1415 3043 fuit,
1444 2950 1606 3046 ignarus

472 3075 602 3176 paucis
621 3081 707 3174 post
726 3072 857 3149 diebus
882 3073 1111 3152 miseriorem
1139 3073 1214 3149 sibi
1240 3096 1321 3148 cum
1350 3080 1430 3150 tota
1456 3074 1606 3150 familia

474 3199 619 3276 cladem
638 3198 906 3296 degustandam
925 3222 1019 3275 esse.
1036 3198 1149 3298 Oapti
1167 3206 1253 3275 sunt
1271 3221 1353 3274 cum
1371 3200 1504 3299 paucis
1525 3202 1605 3298 qui·

471 3323 628 3401 busdam
646 3323 906 3400 selectioribus
925 3320 1119 3399 Oaiaierus
1137 3326 1266 3421 Begus
1294 3325 1515 3418 Icneiensis,
1546 3327 1606 3400 vir
1737 3361 1739 3400 ι

473 3455 510 3524 et
540 3455 664 3523 aetate
691 3455 728 3523 et
756 3447 871 3545 longa
898 3447 1102 3524 vicinitatis
1139 3449 1606 3549 Transylvanicarumque
1738 3527 1739 3554 ,

477 3573 707 3671 legationum
734 3595 804 3649 usu
829 3575 943 3672 louge
960 3575 1251 3670 versatissimus,
1272 3575 1334 3673 qui
1352 3576 1467 3651 totius
1491 3575 1606 3651 haim
1738 3561 1739 3566 Ν

479 3706 600 3775 motus
636 3697 763 3773 bellici
797 3720 877 3773 cum
914 3696 1054 3776 Sinauo
1092 3723 1207 3775 eausa
1243 3707 1427 3799 caputque
1463 3699 1603 3778 fuerat
1738 3723 1739 3802 j

480 3821 688 3902 Membetus
706 3822 792 3899 item
802 3823 930 3920 Begus
950 3823 1161 3922 Lippensis,
1180 3825 1325 3900 Bassae
1340 3825 1427 3900 olim
1453 3823 1607 3900 Buden-
1737 3809 1739 3897 l

481 3949 535 4025 sis
562 3947 673 4042 filius,
707 3954 831 4024 aetate
858 3947 1003 4041 florida,
1040 3971 1195 4047 corpore
1222 3948 1404 4042 obesiore,
1442 3971 1609 4046 quocum
1737 3917 1739 4026 l

479 4083 613 4174 postea
629 4081 830 4174 praesente
848 4074 960 4149 etiam
978 4072 1164 4149 Membeto
1175 4071 1309 4165 Bassa,
1321 4073 1367 4148 de
1384 4073 1500 4149 bellis
1512 4072 1608 4149 Per·
1737 4163 1739 4172 Ι

480 4200 581 4294 sicis,
600 4198 843 4298 ancieisquc
860 4198 1039 4289 historiis,
1058 4196 1234 4273 aerariis
1252 4199 1365 4276 rebus
1391 4221 1460 4275 uos
1491 4200 1608 4277 etiam

479 4323 552 4424 ipsi
571 4324 691 4400 Albae
709 4325 883 4401 collocuti
899 4325 1045 4400 luimus.
1063 4323 1228 4400 Insecuti
1246 4332 1332 4400 sunt
1359 4325 1480 4402 nostri
1507 4328 1609 4426 iugi·
1737 4415 1739 4428 ,

479 4459 583 4526 entes
601 4452 794 4526 Barbaros
813 4451 861 4526 ad
878 4451 954 4526 tria
973 4450 1119 4528 circiter
1137 4449 1320 4546 milliaria,
1349 4451 1417 4527 sed
1443 4453 1609 4551 reliquis

479 4577 652 4653 mandato
672 4577 801 4654 ducum
819 4577 1019 4675 regressis,
1038 4600 1112 4652 non
1131 4575 1242 4651 desiit
1267 4577 1444 4676 persequi
1468 4577 1609 4655 hostes

477 4702 677 4778 Ladislaus
695 4703 928 4804 Pattantyus,
939 4725 1021 4780 cum
1040 4701 1098 4778 IV
1117 4701 1202 4778 aliis
1220 4703 1425 4791 comitibus,
1436 4701 1502 4800 qui
1523 4727 1610 4780 cum
