3625 5534
497 507 551 576 ,οε
569 505 651 561 nus.
670 505 754 556 vus.
776 503 858 556 nuc.
879 503 914 556 x.
933 504 967 554 u.
986 503 1011 556 1.
1264 478 1315 555 15

203 685 287 762 sidio
307 683 409 776 ulti,
438 679 545 760 mille
566 681 641 756 iam
670 678 828 779 amplius
857 679 965 756 annis
996 679 1248 754 monarchiam
1273 679 1312 753 in

205 813 295 905 orbe,
317 809 610 906 latissimumque
628 805 821 905 imperium
840 805 1075 897 obtinuerint,
1094 803 1318 881 Christiani·

205 961 268 1036 que
283 935 439 1014 nominis
454 936 634 1028 asseclas,
652 933 777 1025 ineas,
798 931 837 1006 in
856 931 991 1028 quibus
1009 953 1106 1008 nnnc
1123 953 1317 1006 versaren-

203 1071 265 1154 tur,
279 1063 474 1160 augustias
492 1059 717 1159 redegerint.
736 1058 808 1134 His
828 1066 942 1155 atque
960 1058 1045 1134 aliis
1063 1058 1318 1156 blasphemiis,

204 1189 355 1289 dunque
372 1190 413 1264 iu
431 1191 556 1265 coelos
576 1169 720 1283 effusis,
740 1187 779 1262 in
797 1187 959 1262 furorem
978 1184 1088 1283 quasi
1105 1185 1319 1282 rabiemque

204 1323 298 1392 sotus
315 1315 463 1392 domum
481 1336 525 1391 se
544 1309 708 1390 contulit.

523 1705 700 1786 OAPVT
731 1706 985 1785 TERTIVM.

205 1903 255 1977 De
281 1903 381 1979 clade
408 1906 557 1980 choni
586 1905 720 1978 Boxane
744 1919 1066 2002 eosdemnumeros
1094 1904 1206 1977 totins
1233 1904 1318 1978 betti

489 2028 663 2108 Sicanio·
691 2056 804 2104 occaso
832 2031 1016 2104 exstiterit.

303 2211 460 2291 Domum
478 2210 986 2305 reversusHauonusBassa,
1005 2219 1121 2288 totam
1130 2235 1211 2286 eom
1229 2209 1318 2308 bye-
1344 2238 1347 2243 ·

205 2359 308 2430 mem,
326 2361 436 2436 quam
454 2337 569 2434 longa
586 2337 672 2431 fuit,
692 2339 873 2414 acerrimo
892 2339 1046 2415 militum
1065 2335 1242 2429 delectui,
1261 2358 1319 2410 ce-

205 2471 428 2562 terorumque
445 2464 576 2540 usibus
594 2463 686 2540 belli
704 2465 998 2542 necessariorum
1008 2465 1216 2566 apparatui,
1225 2485 1321 2538 sum·

206 2611 259 2663 ma
276 2611 353 2664 cum
371 2589 565 2687 diligentia
582 2589 768 2684 attribuit,
793 2598 830 2666 et
848 2591 948 2667 circa
967 2592 1183 2684 secuudum,
1203 2614 1249 2667 ac
1267 2589 1320 2663 vi-

205 2715 373 2810 gesimum
396 2714 494 2792 Iunii
512 2716 627 2810 diem,
656 2719 988 2795 maturescentibus
1016 2719 1089 2794 iam
1116 2717 1320 2815 segetibus,

206 2861 270 2936 quo
288 2842 358 2940 ipsi
375 2850 542 2941 tempore
567 2843 694 2943 copias
714 2866 760 2919 ex
779 2843 958 2944 hybernis
987 2845 1161 2949 educere,
1191 2851 1229 2918 et
1246 2843 1321 2917 uui-

208 2968 359 3046 versalia
376 2991 510 3065 gerere
529 2967 631 3045 bella
648 2970 864 3069 plerumque
883 2972 1025 3064 solent,
1049 2968 1321 3069 expeditionem

207 3089 376 3170 adversus
396 3091 611 3170 Siseciuuos
629 3103 855 3192 postremam
872 3096 1064 3196 suscipere
1082 3097 1221 3172 statuit.
1248 3098 1323 3170 Its·

207 3239 270 3314 que
287 3217 500 3297 convocatis
510 3240 641 3295 novem
660 3218 808 3297 circiter
816 3219 1052 3298 finitimarum
1068 3222 1207 3299 arcium
1215 3242 1322 3319 prse-

206 3341 320 3436 tecm,
347 3344 441 3420 viris
460 3344 642 3439 strenuis,
675 3352 713 3421 et
731 3368 800 3423 usu
827 3347 962 3423 bellico
991 3347 1323 3438 exercitatissimis,

207 3491 290 3565 quos
307 3471 381 3570 ipsi
399 3493 470 3547 sua
488 3469 617 3568 lingua
636 3471 762 3569 Begos
786 3475 990 3575 appellant,
1009 3475 1118 3573 quasi
1137 3475 1241 3550 dicos
1259 3473 1322 3550 do·

206 3593 334 3690 uiuos,
362 3594 603 3693 collectisque
631 3595 786 3695 triginta
814 3621 881 3674 sex
909 3602 1131 3678 selectorum
1161 3601 1323 3698 equitum

206 3718 317 3817 iuxta,
344 3745 390 3800 ac
408 3721 573 3822 peditum
602 3721 767 3799 millibus
796 3724 1024 3804 Drenciuum
1051 3729 1171 3826 primo
1189 3727 1324 3801 castel-

208 3842 274 3922 lum
298 3847 454 3924 intensis
482 3846 596 3922 armis
623 3849 725 3947 petit.
755 3849 813 3924 Εο
842 3873 917 3928 nou
943 3854 1068 3929 multis
1087 3861 1174 3952 post
1193 3851 1323 3925 diebus

210 3975 376 4050 exanimi
395 3975 581 4050 sententia
601 3983 835 4074 expugnato,
866 4001 991 4056 arcem
1009 3980 1202 4054 confestim
1221 3975 1321 4051 Sise-

209 4097 341 4176 ciunum
359 4100 526 4194 obsidet,
555 4108 594 4176 et
611 4123 684 4199 quo
713 4101 852 4180 maiore
872 4112 984 4182 antea
1009 4104 1094 4180 iude
1122 4103 1325 4200 ignominia

209 4225 326 4316 pulsus
343 4227 486 4319 fuerat,
515 4247 560 4301 eo
578 4226 775 4303 intentiore
800 4229 922 4306 studio
942 4229 1229 4329 opugnatiouem
1248 4251 1323 4303 mo·

208 4352 353 4428 raterii
370 4351 541 4458 adurget.
570 4350 748 4449 Proinde,
769 4355 928 4430 admotis
947 4354 1149 4430 maioribus
1166 4362 1325 4430 tormen-

208 4475 264 4568 tis,
281 4481 521 4577 omnibusque
540 4479 663 4576 rebus,
684 4481 733 4556 ad
752 4483 949 4559 maximam
964 4504 1145 4579 quamque
1164 4480 1325 4557 obsidio-

209 4623 284 4678 nem
300 4603 539 4698 necessariis,
559 4603 740 4682 acerrimo
760 4607 882 4684 studio
903 4608 1100 4696 adhibitis,
1128 4614 1232 4683 tanto
1250 4632 1324 4684 mn-

210 4747 267 4800 ros
283 4729 421 4830 impetu
439 4729 618 4822 concutit,
638 4737 815 4831 taubque
835 4733 1054 4810 assiduitate
1075 4733 1254 4809 obsessos
1271 4734 1325 4807 ta-
