3625 5534
483 540 532 591 na
551 539 632 593 nnn.
652 539 736 594 vus.
755 541 838 595 nnc.
859 545 893 594 x.
912 545 946 596 u.
970 545 1007 597 11.
1250 521 1299 600 19

484 802 672 920 ossvr'
688 841 986 924 suevunvn.

202 1033 250 1108 De
264 1041 368 1112 oudo
391 1037 562 1116 Caesaris
589 1067 667 1117 eam
687 1042 738 1118 od
756 1042 884 1119 bellam
914 1059 1041 1122 eontra
1073 1045 1297 1127 Christianos
1418 1107 1422 1116 -

642 1173 826 1246 excitante.

290 1343 394 1423 Haeo
417 1348 504 1425 olim
523 1346 673 1424 Amhati
691 1349 836 1424 Bassae
855 1373 948 1426 uxor
965 1352 1105 1450 fuerat,
1134 1355 1204 1431 viri
1222 1365 1298 1432 tum

202 1468 271 1547 aule
288 1472 465 1552 Tureieae
483 1475 606 1572 gratia
624 1475 854 1576 potissimum
870 1477 1055 1572 florentis,
1076 1504 1123 1556 ex
1143 1505 1213 1580 quo
1233 1485 1299 1559 ali·

200 1607 274 1693 quot
289 1601 425 1678 liberos
445 1625 586 1696 mares,
607 1627 764 1700 magnae
782 1603 855 1678 iam
874 1605 956 1703 spei
978 1606 1129 1683 iuvenes
1149 1627 1298 1709 suseep-

200 1729 248 1798 tos
272 1726 449 1823 habebat,
477 1751 629 1827 quornm
648 1737 736 1805 natu
763 1730 942 1805 maximus
961 1733 1102 1830 lllyrici
1128 1733 1301 1812 Praefee·

200 1855 247 1926 tus
263 1852 478 1953 inproximo
497 1851 696 1932 Siseeiensi
713 1856 866 1954 praelio,
887 1879 968 1931 oum
986 1860 1108 1935 multis
1119 1860 1203 1936 aliis
1218 1862 1297 1938 eius

197 1977 317 2056 ordinis
333 1981 482 2058 flumine
500 1979 652 2081 Colapis
671 1982 835 2076 haustus,
846 1983 1047 2060 interierat.
1068 1986 1160 2062 Eius
1180 1997 1296 2064 morte

197 2113 297 2181 nster
314 2109 437 2204 anxia,
455 2116 536 2188 tota
553 2110 688 2186 ardens
706 2108 906 2215 uloiseendi
929 2111 1138 2209 eupiditate,
1158 2136 1295 2189 moram

197 2253 319 2308 omnem
336 2290 344 2327 ,
364 2257 462 2332 quae
490 2237 811 2334 interponebatur,
839 2236 933 2312 adeo
957 2237 1161 2336 impatienti
1179 2241 1296 2314 fertur

197 2359 300 2434 ummo
315 2361 467 2455 tulisse,
491 2370 531 2438 ut
549 2368 699 2460 eaptata
718 2360 896 2438 Caesaris
915 2362 1073 2438 adeundi
1092 2364 1294 2459 oeeasione,

195 2493 286 2562 noete
302 2486 522 2586 intempesta
541 2487 689 2585 lugubri
706 2487 856 2580 habitu,
886 2496 924 2564 st
942 2491 1045 2566 vultu
1073 2491 1121 2565 ad
1148 2497 1295 2571 moesti-

197 2612 271 2688 tium
286 2616 506 2714 composito,
534 2615 583 2691 ad
609 2640 692 2693 eum
717 2616 889 2713 ingressa
906 2618 1036 2713 luerit,
1065 2629 1103 2697 et
1129 2623 1197 2697 tali
1214 2645 1295 2696 ora-

197 2739 280 2816 bone
297 2720 525 2818 annotantem
543 2766 642 2836 eum,
670 2744 782 2842 paulo
800 2743 954 2821 liberius
978 2749 1169 2824 monuerit.
1198 2746 1295 2840 Quid

198 2866 408 2966 agisinquit,
419 2870 636 2968 Imperator,
644 2869 796 2945 hoccine
806 2878 864 2945 est
874 2872 1140 2970 Imperatorem
1154 2870 1296 2970 agere?

197 2991 299 3070 intam
308 2997 485 3072 communi
495 2997 651 3073 omnium
662 2997 887 3089 calamitate,
902 2998 941 3072 in
950 3000 1172 3095 gravissimo
1184 3001 1292 3076 amis·

196 3119 221 3192 si
243 3124 418 3200 exereitus
441 3146 549 3221 easu,
568 3126 606 3200 in
632 3130 709 3200 tam
728 3125 931 3201 miserabili
950 3133 1006 3202 tot
1022 3126 1170 3203 fortium
1197 3128 1292 3201 viro-

196 3269 270 3344 rum,
288 3251 347 3349 qui
364 3274 433 3349 pro
452 3259 517 3327 tua
536 3251 657 3350 gloria
665 3250 811 3327 fortiter
829 3261 1048 3350 pugnantes,
1059 3263 1212 3330 mortem
1230 3274 1293 3350 op-

195 3376 368 3473 petierunt,
386 3403 559 3456 neoenon
569 3377 825 3455 oonmoveris?
840 3405 887 3455 an
906 3381 1095 3457 nouandis
1111 3380 1291 3457 Christia-

194 3521 250 3574 nos
265 3503 357 3600 illos,
375 3531 450 3584 non
469 3507 745 3584 contentosiam
764 3507 842 3582 suis
853 3505 998 3600 finibus,
1008 3532 1076 3608 per
1091 3531 1172 3583 eam
1191 3531 1294 3585 exer-

194 3627 274 3705 ritus
289 3633 340 3708 tni
358 3634 520 3728 eaedem,
539 3635 606 3710 tibi
625 3634 699 3710 iam
716 3633 791 3733 ipsi
808 3635 1018 3733 perniciem,
1036 3636 1191 3734 urbique
1210 3635 1295 3712 huie
1377 3615 1387 3706 ’.

193 3755 354 3835 excidium
381 3759 617 3836 machinari?
643 3760 803 3835 sednon
823 3761 930 3836 audis
949 3769 1068 3854 uerte,
1087 3762 1217 3861 opinor
1236 3785 1294 3836 eo-

191 3905 258 3990 rnm
273 3887 413 3964 smlieet
431 3889 560 3986 eulpa,
590 3888 652 3986 qui
670 3888 781 3963 rebus
809 3871 1110 3964 administrandis
1137 3909 1293 3986 praepo·

192 4009 359 4112 siliquae
377 4017 439 4091 vel
456 4014 614 4092 maxime
631 4022 669 4090 te
688 4015 784 4090 seire
802 4021 867 4090 tua
884 4014 1093 4106 interesset,
1118 4013 1192 4090 tuis
1212 4035 1293 4089 sen-

191 4138 279 4215 sibus
295 4141 534 4237 snbtrnbunt,
553 4151 707 4220 autnon
725 4165 771 4218 ea
789 4141 878 4236 lide,
898 4166 972 4241 qua
991 4142 1179 4233 deberent,
1198 4164 1292 4217 oom-

190 4266 315 4363 pendii,
344 4276 594 4368 quaestusque
621 4270 681 4378 sui
704 4269 827 4364 gratia
854 4268 1027 4344 referunt.
1057 4263 1179 4342 Crede
1206 4266 1295 4342 mihi

191 4388 399 4494 Imperator,
422 4396 540 4472 maior
558 4396 734 4491 omnium,
761 4397 879 4474 maior
898 4395 1068 4493 opinione
1087 4403 1150 4470 tua
1169 4395 1294 4471 elades

189 4531 324 4621 saepta
343 4530 421 4616 est,
439 4523 583 4600 deletus
602 4522 787 4600 exereitus
803 4523 868 4598 ille
886 4530 984 4616 tuus,
1004 4521 1061 4597 oui
1083 4543 1190 4620 quem
1209 4521 1295 4596 sub-

192 4647 326 4742 ditoas,
353 4674 483 4748 parem
509 4651 683 4727 fortassis
702 4651 841 4727 nullum
867 4651 997 4726 habes.
1027 4649 1111 4724 Nou
1130 4670 1202 4745 ego
1222 4649 1293 4722 hoo

189 4775 321 4872 proprio
349 4775 470 4852 dolori
497 4777 711 4875 indulgens,
731 4777 779 4853 ob
799 4777 975 4852 amissum
992 4783 1118 4851 tanne
1146 4775 1296 4850 virtutis

1092 4898 1131 4960 2*
