3625 5534
467 511 572 578 XLVI
854 507 1197 576 nucsrniuonirnnua

84 677 85 740 l
991 747 1060 823 ΙΙΙ.

574 959 782 1026 EPISTOLA
798 962 845 1027 IN
862 960 1016 1027 euplum
1034 957 1341 1025 SYNTAGMA'I'IS
1360 956 1484 1024 IVRIS.

460 1161 693 1238 mulomedico
729 1189 775 1238 uc
792 1159 925 1262 Incipio
961 1161 1127 1254 Domino,
1163 1159 1319 1236 Dorrrino
1357 1153 1587 1260 Siqinouodo

458 1289 608 1364 Batauo·
626 1283 828 1380 cadonato,
842 1286 1012 1388 Principii
1036 1286 1318 1388 Trontyloooc’oe
1337 1279 1585 1360 ctSiordomm

550 1411 675 1490 Conciti
693 1427 753 1490 etc.
772 1413 929 1490 Domino
946 1440 1009 1489 ccco
1028 1414 1286 1490 commune
1319 1406 1356 1486 S.
1375 1408 1419 1485 P.
1438 1407 1488 1485 D.

563 1573 775 1672 Antigonus
804 1575 896 1668 Rex,
928 1577 1187 1654 Illustriesime
1204 1574 1394 1674 Princeps,
1422 1571 1587 1649 Domine

457 1702 752 1796 clementissime,
774 1701 919 1779 cuidam
934 1705 1116 1780 fortunam
1136 1701 1348 1800 Principum
1367 1698 1476 1775 nimis
1494 1699 1586 1773 bea·

458 1844 534 1904 tam
556 1828 808 1928 praedicanti:
827 1827 868 1904 Si
887 1829 1016 1922 scires,
1035 1829 1163 1928 inquit,
1180 1828 1329 1926 quantis
1348 1826 1419 1902 hoc
1437 1824 1586 1920 regium

457 1953 628 2030 diadema
658 1954 839 2032 molestiis
857 1954 1032 2032 refertum
1049 1956 1108 2047 sit,
1126 1962 1285 2032 certene
1302 1952 1413 2029 humo
1432 1951 1584 2049 quidem

453 2079 545 2157 illud
564 2088 696 2180 sponte
715 2081 878 2159 tolleres.
901 2083 982 2159 Nec
1008 2081 1189 2159 immerito
1204 2079 1244 2156 id
1262 2079 1419 2178 quidem,
1437 2085 1479 2154 nt
1495 2100 1584 2153 mea

454 2207 528 2282 fert
546 2207 681 2305 opinio.
711 2209 783 2285 Est
809 2211 905 2286 enim
924 2233 989 2286 ars
1014 2212 1106 2286 bene
1124 2206 1329 2308 imperandi
1347 2207 1460 2305 longe
1484 2201 1582 2280 diffi-

453 2335 599 2427 cillima‚
627 2344 675 2432 et,
704 2344 745 2411 ut
774 2336 985 2436 Xenophon
1003 2336 1067 2429 ait,
1094 2336 1187 2412 nihil
1206 2332 1440 2425 laboriosius,
1467 2355 1582 2430 quam

452 2460 659 2536 hominibus
688 2467 789 2538 recte
808 2487 853 2538 ac
871 2462 1087 2539 salutariter
1112 2483 1300 2561 praeesse.
1326 2457 1486 2536 Proinde
1504 2480 1581 2534 non

454 2587 577 2685 inepte
595 2588 713 2663 fertur
741 2588 889 2686 quidam
909 2589 1050 2664 dixisse
1068 2588 1180 2664 nullis
1207 2587 1345 2664 seculis
1362 2585 1479 2662 fuisse
1497 2593 1580 2661 tan·

453 2722 528 2790 tum
548 2715 724 2791 bonorum
754 2714 966 2815 Principum
993 2714 1150 2815 copiam,
1170 2714 1257 2813 quin
1284 2736 1410 2790 eorum
1428 2710 1580 2788 nomina

453 2839 560 2916 unius
588 2841 713 2917 annuli
739 2841 851 2940 palae
879 2842 1038 2942 insculpi
1066 2852 1230 2942 possent.
1269 2842 1514 2940 Ignoraverat
1535 2837 1578 2913 id

454 2969 653 3044 Damocles
671 2969 735 3045 ille
752 2969 989 3065 Parrhasius,
1001 2969 1154 3069 quicum
1172 2969 1212 3045 in
1229 2991 1399 3044 sermone
1416 2964 1579 3064 quodam

454 3095 664 3191 largissime
691 3096 925 3195 praedicaret
952 3095 1125 3197 Dionysii
1152 3093 1468 3196 Syracusanorum
1496 3089 1577 3192 'l'y-

457 3222 563 3296 renni
594 3247 684 3322 opes
705 3248 749 3300 ac
776 3224 1095 3322 magnificentiam,
1123 3231 1349 3322 negaretque
1379 3220 1493 3299 ullum
1510 3241 1578 3295 un·

454 3369 563 3445 quam
582 3349 767 3449 Dionysio
786 3351 992 3428 beatiorem
1009 3351 1137 3444 inisse,
1166 3351 1281 3442 visne,
1298 3348 1418 3447 inquit
1432 3347 1577 3445 Diony-

379 3489 390 3510 ·
456 3472 545 3566 sius,
566 3473 737 3572 quonium
755 3478 847 3552 haec
866 3484 903 3553 te
921 3477 999 3554 vita
1020 3478 1190 3569 delectat,
1217 3475 1300 3574 ipse
1327 3473 1482 3552 eandem
1510 3471 1573 3548 de·

453 3600 636 3718 gustam?
654 3601 695 3676 Is
713 3623 793 3676 cum
813 3625 949 3701 cupere
967 3625 1010 3680 se
1029 3603 1195 3697 diniusct5
1214 3601 1325 3680 iussit
1341 3597 1574 3678 hominemin

453 3699 630 3826 piratium
647 3725 839 3821 innocuo,
859 3727 897 3804 n
916 3751 1027 3808 aneo
1045 3730 1142 3806 reon
1160 3727 1368 3830 magnam
1391 3724 1574 3823 semna

453 3863 570 3931 strato
597 3852 792 3948 collocari,
823 3854 960 3932 abacos
988 3858 1195 3956 complures
1222 3879 1313 3932 auro
1341 3862 1572 3950 argentoque

452 3981 593 4057 caelato
613 3978 746 4074 ornari,
766 3979 1000 4079 selectosque
1019 3981 1275 4059 adolescentes
1292 3980 1342 4057 ad
1358 3986 1483 4056 nutum
1502 3977 1573 4053 illi·

451 4130 496 4183 us
514 4106 699 4183 intuentes
718 4105 914 4204 diligenter
931 4107 1151 4186 ministrare.
1186 4106 1391 4186 Exultabat
1415 4105 1477 4182 his
1495 4103 1575 4182 Da·

453 4237 600 4324 mocles,
620 4243 659 4310 et
674 4233 1004 4311 fortunatissimum
1021 4235 1095 4313 iam
1114 4257 1157 4312 se
1179 4234 1338 4312 omnium
1365 4232 1574 4310 mortalium

453 4383 538 4438 esse
565 4360 771 4439 iudicabat:
801 4385 882 4439 cnm
910 4385 997 4439 ecce
1023 4364 1063 4438 in
1089 4360 1211 4437 medio
1236 4381 1362 4436 rerum
1390 4365 1574 4460 apparatu

453 4488 724 4587 splendoreque
742 4487 945 4587 fulgentem
963 4515 984 4564 e
1004 4488 1168 4566 lacunari
1185 4487 1353 4586 gladium
1371 4491 1454 4564 seta
1472 4482 1573 4583 cqui-

453 4637 501 4686 na
530 4613 583 4688 ita
611 4624 715 4690 curat
743 4613 883 4692 demitti
912 4615 1127 4716 Dionysius,
1157 4622 1197 4691 ut
1223 4611 1352 4690 vertici
1379 4609 1573 4689 Damoolis
