3625 5534
493 506 630 575 XLVIII
879 503 1226 571 neoerstraosriuarn

491 714 573 766 cnm
589 692 692 768 nullo
709 711 823 767 aureo
841 695 1068 785 argenteove
1094 711 1244 764 munere
1261 711 1382 764 meam
1399 697 1486 766 tuuc
1505 688 1617 766 celsi·

489 817 606 893 tudini
624 816 890 894 subiectionem
907 812 1102 890 declarare
1119 835 1290 912 pomam:
1308 813 1515 891 arbitratus
1533 838 1617 890 sunr

490 967 548 1021 me
566 967 645 1020 rem
671 941 771 1020 band
805 940 994 1038 ingratam
1028 939 1243 1016 inutilemve
1277 940 1462 1016 facturum
1489 941 1526 1016 si
1543 941 1618 1016 hcc

488 1071 613 1169 legum
631 1066 792 1144 civilium
810 1090 856 1142 ac
882 1066 1155 1164 Vngaricarum
1172 1064 1384 1165 syntagma
1399 1074 1487 1144 tuae
1506 1067 1617 1143 celsi·

487 1195 624 1275 tudinis
642 1193 778 1272 nomini
797 1215 1066 1284 consecrarem,
1092 1201 1142 1278 et,
1169 1217 1267 1292 quae
1283 1193 1438 1292 antiqua
1454 1195 1617 1270 formula

486 1332 653 1401 votorum
680 1328 749 1413 est,
780 1319 901 1395 libens
928 1319 1060 1395 merito
1077 1340 1346 1396 consecrarem.
1385 1320 1542 1411 Libens,
1560 1320 1615 1396 in-

485 1472 607 1548 quam,
625 1454 778 1546 propter
794 1447 1006 1522 memoriam
1018 1444 1146 1522 colisti
1164 1469 1283 1544 nuper
1300 1445 1463 1542 benigne
1481 1447 1520 1520 in
1540 1470 1616 1522 me·

486 1597 528 1651 os
555 1572 743 1650 beneficii:
772 1572 1006 1648 meritissimo
1033 1579 1157 1648 autem
1183 1572 1266 1648 sive
1293 1581 1395 1649 tuam
1423 1571 1613 1666 celsitudi-

484 1726 582 1793 nem,
610 1701 690 1777 sive
718 1723 775 1776 me
803 1701 923 1799 ipsum
951 1722 1162 1798 respexero.
1190 1699 1312 1776 Decet
1340 1699 1437 1774 enim
1468 1697 1616 1774 Princi-

485 1829 610 1928 palem
628 1835 728 1903 tnam
747 1829 980 1924 majestatem
1006 1849 1079 1901 non
1106 1827 1226 1902 solum
1257 1827 1371 1902 armis
1398 1826 1615 1902 decoratam

484 1953 553 2030 sed
571 1953 731 2030 sacratis
750 1952 862 2029 etiarn
890 1952 1049 2049 legibus,
1077 1974 1277 2051 earumque
1293 1952 1503 2048 cognitione
1521 1973 1613 2027 esse

487 2077 673 2170 munitam,
710 2089 750 2156 nt
775 2087 969 2177 utrumque
995 2087 1150 2179 tempus,
1188 2103 1271 2156 cum
1302 2077 1494 2169 bellorum,
1531 2087 1612 2154 tum

482 2205 587 2306 pacis
623 2204 695 2281 rite
730 2227 947 2302 summaque
981 2228 1063 2282 cum
1091 2204 1202 2282 laude
1228 2205 1349 2304 possit
1383 2205 1613 2301 gnbernare.

482 2332 571 2408 Etsi
590 2332 686 2407 enim
704 2331 811 2428 leges
829 2331 942 2407 silent
958 2332 1054 2408 inter
1081 2356 1186 2408 arma
1204 2359 1214 2404 ε
1241 2342 1366 2408 tamen
1383 2330 1475 2408 nibil
1493 2331 1611 2431 impe-

481 2457 545 2546 dit,
578 2457 772 2555 quominus
807 2465 872 2531 tna
900 2456 1083 2532 celsitudo
1117 2465 1159 2533 ut
1183 2457 1223 2532 in
1239 2481 1332 2558 pace
1368 2457 1516 2546 bellum,
1555 2462 1613 2539 ita

480 2592 644 2682 tempore
661 2580 752 2657 belli
779 2581 886 2680 pacis
922 2591 1025 2658 artes
1053 2584 1257 2661 meditetur.
1294 2582 1485 2684 Siquidem
1512 2585 1611 2663 nibil

479 2719 548 2802 est,
578 2707 675 2806 qnod
703 2708 860 2782 minuce
888 2707 1097 2808 Republica
1119 2710 1180 2802 sit,
1210 2734 1319 2809 qnam
1339 2710 1548 2812 Principem
1567 2716 1609 2792 in

478 2856 547 2911 sua
573 2833 697 2931 patria
732 2833 968 2932 peregrinum
994 2857 1041 2910 ac
1073 2835 1256 2936 hospitem
1286 2860 1387 2927 esse,
1424 2840 1608 2937 legesque

478 2981 631 3058 quarum
650 2967 687 3036 et
706 2957 871 3034 conditor
892 2959 1139 3060 defensorque
1154 2963 1342 3055 bonarum,
1359 2973 1398 3040 et
1415 2973 1608 3042 corrector

477 3083 656 3162 malarum
674 3105 760 3161 esse
778 3085 943 3179 deberet,
961 3085 1148 3184 ignorare.
1179 3089 1233 3164 Vt
1249 3088 1346 3164 enim
1363 3088 1605 3189 Principibus

476 3213 601 3311 leges:
620 3212 674 3287 ita
692 3211 819 3308 regnis
838 3223 1017 3310 praesunt
1039 3211 1243 3312 Principes,
1261 3236 1424 3313 uereque
1442 3215 1516 3292 dici
1534 3239 1602 3315 po-

475 3345 551 3414 test
568 3338 824 3436 magistratum
843 3361 930 3415 esse
958 3341 1079 3435 legem
1097 3342 1317 3439 loquentem,
1337 3343 1457 3440 legem
1476 3353 1603 3420 autem

476 3471 611 3541 mutum
629 3463 895 3563 magistratum.
933 3467 1013 3542 Iam
1031 3489 1122 3544 vero
1141 3468 1213 3547 mei
1228 3491 1373 3567 quoque
1402 3475 1599 3570 respecto:

475 3588 645 3689 equidem
663 3612 736 3666 non
756 3589 873 3683 video,
892 3591 951 3668 cui
967 3593 1083 3668 hasce
1111 3616 1274 3670 mearum
1302 3595 1600 3674 lucubrationum

473 3717 655 3818 primitias
674 3715 807 3812 magis,
824 3740 934 3814 quum
953 3724 1040 3794 tuae
1057 3718 1275 3814 celsitudini,
1296 3743 1518 3799 consecrare
1536 3725 1598 3800 vel

473 3843 660 3920 debuerim
689 3844 748 3918 vcl
767 3843 957 3942 potuerim.
987 3845 1073 3921 'l'ua
1090 3844 1186 3922 euim
1204 3855 1275 3939 est,
1302 3847 1500 3924 secuudum
1518 3849 1597 3924 De·

471 3995 541 4066 um,
560 3969 740 4049 celsitudo
768 3977 879 4069 atque
908 3970 1105 4048 clementia
1133 3973 1227 4064 sola,
1245 3998 1269 4050 a
1287 3997 1362 4072 qna
1378 3982 1416 4049 et
1433 3976 1594 4073 patroci-

472 4099 570 4178 nium
588 4106 717 4176 contra
736 4119 811 4188 cos,
832 4097 893 4196 qni
906 4097 1079 4197 hocopus
1091 4099 1334 4200 improbatnri
1351 4111 1446 4190 sunt,
1466 4125 1595 4202 supre—

472 4247 579 4318 mum,
598 4223 926 4323 certissimumque,
945 4229 1194 4325 etpraemium
1213 4227 1390 4322 laborum,
1409 4229 1473 4327 qui
1491 4239 1594 4308 certe

469 4351 575 4427 tuere
602 4351 761 4443 maximi,
780 4353 875 4427 forte
912 4373 987 4426 non
1017 4352 1235 4431 immeritum
1268 4377 1423 4455 sperare
1450 4358 1509 4432 fas
1528 4357 1591 4433 sit.

472 4476 610 4575 Accipe
629 4477 752 4571 igitur,
773 4477 1029 4554 Illustrisoime
1047 4478 1239 4580 Princeps,
1259 4481 1417 4560 Domine
1437 4483 1595 4559 clemen-

470 4603 622 4696 tissime,
656 4601 739 4677 dum
778 4603 919 4679 maiora
955 4627 1000 4679 ac
1037 4605 1287 4685 elaboratiora
1323 4609 1411 4685 dare
1449 4617 1592 4708 potero,
