3625 5534
530 528 580 576 nn
598 526 679 577 neu.
699 527 784 577 vno.
805 525 888 575 nne.
909 526 959 576 rr.
981 527 1014 576 n.
1034 526 1057 575 1.
1283 503 1361 579 305

238 702 357 777 totius
377 698 579 778 Christiani
600 702 702 778 orbis
721 700 870 776 multum
890 701 1056 792 interest,
1087 708 1125 775 et
1142 724 1222 776 meo
1240 701 1364 800 impri-

249 828 319 902 mis
339 828 492 902 consilio
511 830 635 904 caveri
663 836 820 928 oportet.
860 829 979 920 Quum
1010 828 1105 903 enim
1137 829 1230 904 haec
1257 829 1362 926 regio

247 955 427 1055 imprimis
465 956 515 1033 sit
540 957 711 1032 horreum
749 957 951 1055 Europae,
980 981 1024 1031 ac
1050 956 1362 1056 propugnaculum

249 1080 452 1158 Christiani
463 1084 613 1184 Imperii
626 1085 1036 1182 circumvicinarnmque
1045 1086 1233 1183 regionum
1253 1088 1366 1182 louge

245 1209 534 1304 munitissimum,
559 1233 698 1286 summo
719 1219 819 1286 certe
838 1212 960 1285 studio
979 1212 1066 1286 mihi
1086 1212 1363 1288 incumbendum

246 1335 284 1409 in
302 1334 341 1408 id
357 1335 438 1430 fuit,
464 1344 505 1413 ut
532 1346 674 1413 mature
702 1335 814 1413 saluti
842 1337 920 1413 eius
946 1360 991 1412 ac
1017 1338 1256 1415 incolumitati
1284 1361 1367 1435 pro·

242 1465 459 1561 spiceretnr.
481 1465 628 1541 Deinde
651 1489 883 1564 nequaquam
903 1488 971 1540 vos
991 1465 1093 1560 latet,
1121 1491 1229 1565 quam
1249 1467 1366 1543 multi·
1387 1543 1392 1560 ,

241 1591 399 1687 plicibus
428 1593 588 1690 undique
616 1593 946 1669 circumiacentium
973 1594 1160 1670 nationum
1185 1595 1279 1671 odiis
1298 1617 1365 1692 pe.

241 1726 371 1810 tamur,
398 1719 618 1816 praesertim
646 1741 734 1794 vero
762 1741 836 1816 qua
862 1719 967 1793 rabie
988 1719 1196 1796 Turcarum
1223 1743 1366 1820 prema-

242 1867 332 1940 mur,
352 1844 414 1941 qui
432 1845 521 1919 nihil
541 1868 698 1943 unquam
718 1845 903 1941 antiquius
923 1844 1076 1938 habent,
1097 1869 1206 1943 quam
1222 1847 1367 1922 uthanc

242 1971 466 2068 provinciam
485 1969 553 2047 sub
573 1972 696 2067 iugum
716 1970 991 2046 crudelissimae
1003 1973 1194 2048 servitutis
1208 1973 1362 2048 mittant.

243 2100 288 2173 In
306 2097 377 2172 hac
402 2099 556 2198 periculi
583 2098 845 2196 magnitudine,
881 2098 1083 2196 ultimaque
1112 2097 1365 2174 defendendae

242 2225 387 2324 patriae
405 2227 641 2322 necessitate,
660 2226 829 2323 equidem
838 2223 976 2301 nullam
986 2226 1172 2310 meliorem
1185 2226 1364 2302 rationem

244 2353 326 2429 fore
344 2356 481 2452 putavi,
503 2378 611 2452 quam
629 2361 670 2428 nt
688 2375 829 2428 summo
850 2333 1054 2428 Christiani
1083 2353 1185 2427 orbis
1203 2355 1366 2452 Impera-

244 2479 317 2556 tori
336 2505 459 2556 euram
480 2481 559 2556 eius
578 2480 825 2575 resignarem3
845 2503 930 2553 nam
951 2480 984 2554 si
1003 2481 1217 2556 conservari
1236 2481 1366 2556 adver-

246 2630 311 2683 sus
329 2609 422 2684 tanti
440 2609 559 2685 hostis
577 2608 783 2683 molitiones
802 2605 895 2682 haee
913 2607 1017 2702 regio
1037 2607 1157 2700 debet,
1167 2605 1365 2684 Caesareis

246 2735 376 2834 opibus
396 2742 506 2834 atque
525 2734 722 2834 praesidiis
742 2742 841 2810 certe
859 2732 972 2830 longe
988 2733 1118 2831 magis,
1137 2735 1365 2832 quamullius

247 2863 384 2960 privati
401 2861 558 2937 hominis
576 2860 780 2960 patrocinio
804 2860 948 2936 servari
968 2860 1111 2959 poterit
1146 2861 1181 2934 N
1184 2885 1242 2935 am
1269 2860 1366 2958 qnod

246 2988 394 3086 quidam
414 2989 609 3081 obiiciunt,
627 2987 829 3064 inauditam
849 3010 933 3064 esse
953 2987 1154 3080 hamorem,
1184 2986 1365 3061 omnibus-

246 3138 318 3213 que
345 3115 512 3190 historiis
540 3115 773 3210 incognitam,
803 3121 843 3189 ut
870 3101 953 3210 quis
971 3113 1162 3211 imperium
1182 3112 1290 3209 regni
1310 3112 1365 3187 sui

245 3241 421 3338 resignet,
440 3240 594 3317 alterive
605 3240 721 3329 cedat,
741 3239 862 3315 multis
877 3239 1057 3337 exemplis
1076 3238 1114 3312 id
1134 3238 1268 3314 falsum
1280 3259 1365 3313 esse

247 3368 490 3444 demonstrari
507 3377 641 3469 potest.
673 3367 713 3443 Si
741 3367 823 3465 quis
851 3365 947 3442 enim
976 3364 1152 3441 historias
1172 3365 1363 3442 orientalis

247 3505 358 3593 atque
376 3496 614 3571 occidentalis
633 3494 784 3594 Imperii
802 3493 947 3590 legerit,
977 3502 1013 3569 et
1041 3493 1186 3590 quidem
1215 3517 1295 3569 eum
1314 3493 1365 3566 in-

246 3621 395 3699 tellectu
414 3631 524 3720 atque
542 3622 676 3697 iudicio
696 3621 851 3717 legerit:
879 3621 1079 3719 comperiet
1106 3621 1274 3719 prolecto
1302 3643 1365 3693 ne·

246 3771 430 3847 quaquam
450 3749 582 3824 deesse
601 3771 709 3845 quam
736 3747 895 3847 plurima
924 3750 1093 3846 exempla
1109 3747 1194 3822 huic
1217 3746 1361 3820 similia.

245 3875 421 3972 Legimus
440 3876 535 3952 enim
553 3873 835 3967 Diocletianum,
854 3875 1014 3950 Leonem
1036 3874 1249 3966 Isauricum,
1271 3871 1363 3946 Leo-

245 4026 328 4078 nem
346 4004 534 4095 inniorem,
555 4011 593 4077 et
609 4010 755 4102 patrum
773 4010 979 4077 nostrorum
997 4001 1173 4076 memoria
1192 3997 1365 4074 Oarolum

247 4129 433 4223 Quintum,
453 4153 498 4206 ac
516 4129 673 4228 denique
691 4153 809 4228 nuper
825 4119 1016 4204 admodu'm
1027 4127 1169 4201 Ducem
1179 4115 1364 4200 Bavariae

248 4256 440 4355 imperium
459 4256 685 4353 resignasse.
724 4253 765 4330 Si
789 4253 902 4329 tantis
922 4252 1140 4346 monarchis,
1173 4251 1234 4350 qui
1251 4250 1364 4346 longe

245 4385 456 4483 potentiora
474 4408 592 4481 regna
610 4383 871 4481 gubemarnnt,
891 4381 996 4457 licuit
1013 4377 1150 4479 privati
1167 4376 1232 4452 otii
1243 4375 1365 4472 gratia

248 4512 512 4606 gubernaculis
536 4533 578 4586 se
607 4511 793 4603 abdicare,
822 4507 1098 4607 quantomagis
1125 4505 1250 4581 licebit
1277 4503 1365 4579 mihi

246 4639 417 4734 publicae
448 4639 580 4716 salutis
607 4661 721 4714 causa
746 4638 842 4712 idem
865 4637 1001 4726 iacere,
1039 4633 1257 4734 praesertim
1285 4655 1364 4707 cum

244 4765 302 4842 illi
320 4766 475 4865 privatis
494 4767 606 4842 rebus
625 4766 816 4841 studentes
843 4761 954 4840 otium
984 4761 1163 4839 duntaxat
1190 4759 1363 4836 seeuuita·

294 4904 409 4945 nonum.
427 4904 516 4946 erno.
532 4903 918 4948 nrsr.-scu1rroaas.xurr
1215 4885 1259 4954 20
