3625 5534
454 521 502 570 nu
524 519 606 572 sus.
627 519 713 571 vno.
736 517 819 570 nuc.
841 518 876 570 x.
895 520 929 570 n.
949 519 1012 570 vu.
1230 495 1307 574 157

181 693 397 789 cidentibus;
416 694 553 770 delecti
581 702 666 798 sunt
699 701 822 769 tamen
840 716 888 767 ex
906 690 1147 773 Senatoribus
1170 696 1303 794 Regni,

181 818 339 916 aliisque
367 818 570 896 Ordinibus
599 818 790 916 utriusque
817 817 998 894 Polonioe
1018 828 1056 895 et
1072 820 1306 914 Lithvaniee‚

182 940 558 1040 xxlcommiesarii,
569 946 632 1043 qni
642 943 963 1020 deconditiouibns
973 945 1137 1024 foederis
1146 969 1227 1022 curn
1237 949 1308 1022 lm·

182 1069 284 1168 perio
313 1069 474 1164 ineundi,
503 1095 548 1148 ac
577 1070 714 1147 ceteris
742 1071 856 1147 rebus
885 1071 934 1147 ad
953 1071 1089 1147 bellurn
1107 1073 1308 1168 gerendum

182 1197 437 1294 spectantibus
458 1219 539 1273 oum
566 1195 724 1292 Legatis
752 1194 1005 1271 decernerent.
1025 1199 1157 1272 --Ita
1183 1220 1226 1272 re
1245 1195 1308 1272 diu

183 1319 405 1418 multumque
423 1329 595 1408 tractate
614 1320 733 1415 legati
752 1325 839 1395 tuno
859 1319 1006 1418 quidem
1023 1322 1122 1398 bona
1139 1343 1221 1396 cum
1239 1344 1308 1420 spe

183 1443 325 1520 dimissi
359 1447 473 1522 fuere.
511 1447 596 1540 Sed,
624 1456 665 1522 ut
691 1454 825 1545 postes
852 1447 981 1545 patuit,
1011 1455 1163 1545 praeter
1190 1446 1307 1522 verbe

183 1569 271 1646 nihil
291 1594 315 1645 a
333 1570 487 1648 Polonis
507 1574 632 1648 datum
650 1572 729 1648 fuit.
751 1572 910 1647 Miserat
928 1570 1018 1647 illuc
1037 1581 1076 1648 et
1104 1570 1307 1670 Sigismuu-

184 1693 248 1770 dus
278 1696 578 1795 Transylvaniee
606 1696 786 1795 Princeps
815 1695 1053 1772 Pancratium
1073 1695 1307 1796 Seunyeium‚

185 1817 368 1896 Senatorii
378 1822 519 1898 ordinis
529 1823 648 1897 virum
657 1821 1057 1920 primarium‚sdiuucto
1068 1822 1307 1899 eillustecbio

184 1941 345 2042 Gyulefi.
365 1947 417 2022 Hi
434 1948 531 2024 idem
549 1946 743 2040 aPolouis‚
755 1947 853 2044 quod
870 1950 1079 2046 Imperator
1099 1956 1137 2022 et
1147 1945 1306 2045 Vngsri,

184 2073 462 2150 contendebant.
484 2072 745 2150 Convenerunt
763 2073 883 2165 etiam,
894 2073 1024 2149 eodem
1041 2074 1307 2180 temporefere‚

186 2193 346 2272 Ordines
364 2197 489 2295 Regni
505 2197 919 2295 ungariaeposonium,
930 2198 1133 2298 habitoque
1152 2197 1308 2273 consilio

185 2319 411 2398 Demetrium
440 2325 683 2422 Noprsgium,
706 2322 968 2421 Praepositum
996 2323 1232 2420 Agrieusem,
1270 2331 1308 2398 et

187 2445 377 2524 Nicolaum
395 2447 590 2524 Zolokium
609 2448 749 2524 armilia
775 2449 930 2547 petitum
958 2449 1142 2524 adversus
1161 2450 1307 2525 Truces

185 2573 462 2669 ablegavercut
490 2575 550 2650 illi
586 2576 753 2650 coniecto
783 2574 955 2649 celeriter
984 2573 1117 2650 itinere
1138 2575 1175 2649 in
1194 2573 1307 2649 Polo-

186 2697 281 2774 niem
302 2701 505 2798 appellunt,
526 2708 563 2775 et
582 2701 670 2776 deta
689 2699 834 2775 dicendi
854 2700 963 2797 copia
981 2700 1019 2773 in
1046 2700 1143 2775 huuc
1162 2699 1306 2775 modum

185 2846 248 2921 per
285 2825 513 2900 Demetrium
551 2826 782 2924 Napregium
827 2825 1046 2920 Legationis
1102 2825 1307 2923 principem

186 2971 382 3047 perorasse
400 2951 569 3028 dicuntur
588 2955 637 3042 *).

644 3147 853 3158 *up-..—

454 3324 631 3406 OAPVT
664 3325 1035 3405 DVODECIMVM.

186 3503 245 3575 De
263 3506 407 3581 Acroce
434 3505 600 3605 Vajvoda
618 3505 830 3582 Moldaviae
856 3519 974 3603 copto,
1002 3531 1047 3579 oc
1065 3508 1106 3581 in
1129 3501 1305 3600 Trumpl-

578 3636 725 3708 oonc'am
744 3631 914 3708 adducto.

291 3811 443 3888 interim
463 3809 721 3908 sigismundus
740 3809 923 3910 Princeps
933 3809 1160 3886 Molduviom
1179 3816 1216 3882 et
1231 3803 1306 3881 Va·

186 3934 341 4014 lechism
360 3939 399 4014 in
426 3939 641 4038 provinciae
658 3940 814 4015 formam
833 3937 1059 4034 redigendos
1086 3943 1199 4022 ratos,
1218 3958 1306 4009 nou-

186 4059 305 4138 nullos
315 4064 525 4141 inconsulte
536 4063 718 4163 Stephani
726 4065 752 4142 J
754 4064 866 4140 osika
876 4062 1307 4160 suggestionemutrsm-

185 4209 254 4283 que
283 4190 469 4286 regionem
494 4191 755 4288 ablegaverat,
785 4197 958 4287 certoque
987 4186 1170 4285 stipendio
1190 4183 1303 4260 Prae-

183 4317 291 4393 fectis
325 4341 452 4395 earum
489 4317 706 4409 constituto,
743 4324 887 4392 ceteros
923 4313 1065 4390 reditus
1101 4313 1139 4386 in
1175 4311 1303 4387 fiscum

187 4465 291 4518 suum
308 4445 441 4520 referri
459 4445 630 4539 iusserat,
659 4443 792 4541 quibus
819 4439 1008 4540 praesidia
1034 4437 1305 4537 provinciarum

190 4623 315 4644 .....
334 4571 492 4646 Tulerat
509 4570 549 4645 id
567 4570 723 4646 moleste
741 4577 818 4644 tum
836 4566 1009 4658 Michael‚
1030 4572 1107 4639 tum
1125 4561 1305 4660 imprimis

189 4703 234 4712 ---
255 4705 459 4818 ’‘BA—uem.
474 4747 535 4802 cod.
547 4747 583 4800 itt
596 4763 660 4801 uern
674 4747 767 4798 mutet
777 4740 911 4813 bdzsgot.
