3625 5534
471 513 548 589 138
874 533 924 585 10.
944 534 1045 585 naen
1063 535 1214 587 snaovn
1251 541 1256 547 ·

467 718 650 788 momento
668 717 849 802 recentes,
878 732 924 784 ac
949 711 1062 806 longe
1085 713 1214 809 plures
1234 712 1400 810 depulsis
1419 713 1597 788 succede

467 840 567 914 bant.
587 835 790 933 Postquam
809 842 913 911 tanto
932 837 1059 912 lurore
1076 836 1406 928 Barbari,·mnltos
1426 837 1510 912 dies
1533 861 1597 936 op·

354 1047 358 1054 ,
467 963 683 1062 pugnationi
720 962 946 1053 insisterent,
984 985 1054 1036 nec
1087 961 1282 1059 quiequam
1320 962 1393 1037 iam
1430 963 1516 1061 spei
1550 960 1596 1037 de

467 1089 616 1165 auxiliis
635 1089 894 1164 submittendis
914 1090 1325 1187 superessevideretor‚
1344 1089 1596 1188 oppidanique

467 1220 600 1315 partim
620 1217 726 1291 ruina
745 1216 838 1291 muri
867 1214 1024 1306 disiecti,
1054 1217 1191 1314 partim
1219 1223 1323 1293 tanto
1351 1217 1514 1291 hostium
1541 1217 1596 1291 fn-

466 1367 561 1433 rore‚
581 1364 803 1439 suorumque
822 1342 1001 1417 caedibus
1021 1343 1247 1418 consternati
1271 1343 1441 1433 inissent,
1461 1343 1596 1419 Fordi-

466 1467 608 1544 nandns
637 1467 864 1560 Hardekius,
903 1469 1006 1544 cuius
1036 1478 1074 1544 et
1104 1491 1218 1568 supra
1246 1469 1399 1565 diguam
1436 1471 1595 1547 fecimus

466 1594 695 1683 mentionem,
714 1593 935 1690 proditionis
954 1617 1034 1668 cum
1053 1593 1202 1668 Davide
1221 1593 1378 1692 Vngnat
1404 1594 1479 1670 iam
1497 1596 1594 1670 bene

465 1721 645 1811 conscius,
674 1727 712 1793 et
738 1717 809 1793 hac
838 1720 1034 1794 occasione
1061 1719 1237 1794 utendum
1264 1729 1380 1812 ratus,
1400 1721 1595 1818 ¹primores

465 1849 629 1939 militum,
658 1847 720 1945 qui
747 1847 820 1922 iam
848 1849 957 1946 pauci
985 1857 1217 1946 supererant,
1237 1857 1428 1939 convocat,
1447 1849 1595 1947 etquid

463 1976 564 2052 facto
588 1997 680 2074 opus
709 1975 759 2050 sit
787 1974 970 2070 disquirit.
998 1971 1090 2048 Cum
1118 1977 1288 2073 plerique
1311 1997 1436 2051 eorum
1455 1999 1596 2074 nequa·

466 2124 575 2198 quam
596 2100 817 2177 deditionem
847 2121 932 2174 esse
961 2098 1169 2176 faciendam
1199 2110 1473 2193 asseverarent,
1493 2101 1594 2176 Har·

464 2227 595 2302 delius
625 2235 777 2302 ostensa
807 2226 900 2301 muri
929 2226 1098 2300 succensi
1126 2227 1251 2314 ruina,
1280 2229 1514 2318 tumulorum,
1546 2251 1593 2302 er

464 2353 597 2451 quibus
617 2361 905 2451 oppugnaretur,
915 2353 1202 2450 propinquitate,
1221 2353 1383 2430 hostium
1401 2353 1489 2428 item
1500 2355 1593 2428 mul·

462 2478 618 2553 titudine
637 2501 681 2552 ae
700 2477 816 2568 rabie,
837 2501 882 2550 ac
901 2499 1050 2552 suorum
1070 2477 1269 2575 paucitate,
1288 2478 1491 2576 persuadet
1512 2485 1593 2552 tan-

464 2603 547 2677 dem
565 2601 653 2694 illis,
681 2607 721 2676 ut
748 2601 848 2697 pacti
877 2602 1047 2692 salutem,
1077 2603 1260 2678 Barbaria
1278 2605 1407 2678 urbem
1426 2605 1590 2680 tradant

518 2735 522 2744 ¹
572 2729 669 2824 lpse,
689 2749 730 2802 re
750 2749 830 2801 cum
849 2723 986 2803 Sinano
1006 2729 1102 2802 clam
1121 2727 1399 2818 communicata,
1424 2728 1593 2828 acceptis

462 2855 498 2928 in
519 2853 722 2951 praemium
740 2851 971 2950 proditionis,
1001 2852 1227 2948 octuaginta,
1256 2861 1297 2928 ut
1324 2854 1438 2946 aiunt,
1460 2876 1592 2930 aureo·

460 3003 539 3056 rum
558 2978 733 3070 millibus,
754 2976 940 3053 destinato
960 2979 1066 3053 adid
1085 2977 1145 3054 die
1165 2979 1316 3054 exurbe
1334 2979 1470 3076 prodit,
1491 3004 1593 3056 eam·

461 3128 533 3202 que
553 3105 688 3180 ancis
709 3104 820 3180 dedit.
850 3103 966 3180 Aiunt
994 3102 1180 3199 Sinanum,
1208 3105 1273 3180 ubi
1302 3104 1521 3182 Hardelrius
1541 3108 1592 3182 ad

461 3254 543 3306 eum
562 3230 749 3305 salutandi
764 3252 878 3305 causa
898 3230 1078 3306 deductus
1096 3230 1240 3320 fuisset,
1260 3229 1414 3305 comiter
1432 3253 1515 3306 eum
1527 3232 1591 3307 de·

461 3356 645 3447 mulsisse,
665 3363 703 3432 et
721 3355 898 3433 laudasse
919 3358 998 3432 eius
1010 3357 1317 3447 benevolentiam,
1334 3365 1480 3433 eeteros
1492 3355 1591 3436 Ger·

464 3504 596 3557 manos
615 3481 790 3558 conviciis
811 3483 994 3574 affecisse,
1032 3493 1069 3557 et
1096 3490 1137 3557 ut
1155 3481 1339 3557 Viennam
1368 3483 1468 3576 ituri,
1506 3509 1590 3562 eam

460 3630 616 3706 quoque,
634 3609 697 3690 obi
716 3617 862 3708 tempus
883 3616 996 3699 esset,
1016 3608 1090 3683 sibi
1107 3609 1308 3698 traderent,
1329 3631 1410 3684 cum
1425 3610 1590 3687 ludibrio

460 3732 658 3808 monuisse.
681 3731 842 3808 Sinanus
862 3733 954 3808 tanti
974 3735 1147 3810 momenti
1174 3736 1278 3827 urbe,
1308 3758 1352 3809 ae
1369 3737 1485 3811 totius
1503 3737 1589 3812 fere

459 3856 662 3934 Christiani
683 3860 785 3936 orbis
804 3861 1083 3959 propugnaculo
1094 3860 1245 3959 potitus,
1255 3859 1383 3937 ruinas
1402 3861 1484 3938 eius
1503 3886 1591 3939 eon·

458 3985 582 4061 testim
602 3985 735 4077 reficit,
776 3987 1052 4074 commeatibus,
1071 3985 1322 4085 militibusque
1347 3974 1522 4086 complet,
1552 4001 1591 4066 et

458 4110 649 4209 praefecto
678 4111 712 4186 ei
740 4110 847 4208 Bego
876 4110 953 4202 illo,
992 4112 1054 4208 qui
1073 4109 1300 4209 Strigonium
1329 4121 1589 4205 conservarat,

458 4235 568 4311 motis
586 4235 673 4310 inde
692 4236 829 4312 castris
849 4233 1121 4314 Gomaromium
1146 4237 1295 4314 obsidet
1312 4231 1359 4335 *).

920 4495 1127 4508 —·--—--.

471 4617 666 4628 .--.-...-..-,,.

565 4655 593 4720 ”t
610 4655 701 4726 Eddig
716 4657 883 4714 Kovaehnh
898 4655 982 4725 utdn3
997 4675 1015 4712 a
1028 4656 1108 4714 tbbbi
1122 4675 1156 4712 na
1171 4657 1316 4730 egyetemi
1331 4655 1481 4712 eodsxbdl.
1507 4659 1538 4712 Τ,
1553 4659 1586 4712 F.
