3625 5534
504 535 553 586 nn
571 535 654 586 aas.
680 533 765 585 vso.
786 533 870 586 unc.
889 534 927 586 x.
949 534 982 585 u.
1002 534 1048 586 π.
1275 507 1351 588 109

503 1457 740 1557 LIBER
772 1456 1069 1554 SEXTVS·

586 1744 762 1824 GAPVT
781 1745 997 1820 PRIMVM.

224 1930 282 2002 De
306 1929 544 2004 Tarturorurn
571 1930 730 2002 transitu
750 1953 821 2024 per
846 1923 962 2025 finem
985 1925 1288 2024 Traosytvooiue,
1319 1935 1351 1994 et

417 2054 468 2128 od
487 2051 669 2129 Siooaum
688 2058 728 2126 in
753 2053 959 2151 Vupariam
989 2049 1161 2123 adventu.

331 2219 496 2310 Interim,
511 2219 595 2295 dum
613 2220 708 2295 baec
726 2225 896 2313 aguntur,
916 2214 1096 2292 Ohereius
1107 2217 1350 2292 Tartarorum

223 2342 388 2421 (ibamus
426 2341 494 2444 (ita
520 2344 593 2443 ipsi
620 2343 888 2442 Imperatorem
913 2365 1018 2418 sunm
1036 2338 1225 2437 vocitant),
1238 2340 1349 2417 eonti-

223 2470 305 2544 nuis
324 2467 504 2546 Caesaris
523 2469 687 2564 Turoioi,
706 2493 752 2546 ac
771 2470 901 2545 Siuaui
921 2470 1065 2544 Bassae
1081 2466 1350 2543 sollicitationi-

222 2595 294 2673 bus
312 2597 470 2689 illectus,
490 2597 630 2672 coactis
648 2596 864 2692 octuaginta
882 2593 1028 2669 circiter
1057 2593 1219 2670 millibus
1238 2592 1352 2669 homi·

223 2746 308 2798 num
326 2724 366 2798 in
385 2723 609 2799 Moldaviam
638 2724 751 2817 venit,
788 2723 859 2797 hoo
874 2721 1041 2815 consilio,
1069 2729 1111 2796 ut
1129 2729 1280 2820 captata
1298 2721 1350 2802 ibi

223 2849 432 2942 occasione,
449 2872 517 2947 per
537 2849 854 2948 Transylvaniam
872 2848 945 2924 iter
961 2847 1143 2938 faciendo,
1169 2847 1206 2921 iu
1228 2848 1351 2943 Vnga·

222 2973 317 3049 riam
337 2973 509 3066 evadere,
528 2974 655 3073 ibique
674 2997 715 3049 se
735 2972 864 3049 Sinani
883 2973 1000 3070 copiis
1024 2972 1248 3066 coniungere
1265 2993 1351 3069 pos·

224 3109 291 3176 set
310 3099 419 3192 Quae
437 3125 517 3177 cum
537 3101 704 3200 Principi
718 3100 955 3198 Sigismuudo
973 3099 1228 3189 innotuissent,
1248 3120 1351 3173 coac·

223 3227 272 3301 tis
291 3225 487 3302 confestim
507 3227 624 3327 copiis
643 3227 737 3302 fines
756 3226 879 3324 Regni
896 3226 1057 3323 undique
1076 3225 1214 3314 mmriit,
1242 3224 1351 3299 etita

223 3352 414 3428 custodias
431 3353 592 3450 undique
611 3353 803 3450 disposuit,
822 3362 864 3427 ut
880 3374 955 3427 non
971 3351 1083 3426 facile
1098 3352 1137 3426 in
1151 3350 1350 3448 regionem,

222 3485 259 3552 et
276 3485 413 3554 natura
430 3478 616 3570 munitam,
638 3486 676 3552 et
693 3478 917 3553 exercitibus
927 3478 1000 3553 iam
1009 3477 1203 3568 firmatam,
1221 3478 1351 3552 hostes

223 3603 429 3702 irrumpere
466 3626 580 3702 posse
628 3603 876 3680 crederentur.
922 3603 969 3679 Id
1013 3603 1077 3680 ubi
1106 3602 1258 3678 Tartari
1282 3625 1350 3700 per

225 3731 486 3829 exploratores
505 3753 726 3827 cognovere,
736 3738 932 3828 postquam
940 3730 1149 3806 Palatinum
1159 3727 1349 3804 Moldavo·

220 3880 312 3950 rum,
331 3877 402 3930 neo
417 3857 592 3955 precibus
611 3879 768 3932 evocare
787 3857 836 3931 ad
854 3879 908 3950 se,
928 3839 1264 3950 ciroumreuireque
1282 3877 1347 3951 po·

218 3984 391 4074 tuissent,
410 3983 534 4057 omnia
552 3982 700 4080 quidem
718 3981 784 4058 illo
803 3983 853 4058 ad
870 3983 1006 4059 victum
1026 3979 1242 4057 necessaria
1259 4001 1347 4078 sup·

222 4110 427 4206 peditante,
445 4109 513 4184 sed
535 4119 661 4185 tamen
686 4109 842 4186 insidias
871 4131 997 4185 eorum
1021 4105 1267 4183 attentissime
1295 4106 1347 4180 in·

223 4237 334 4312 terim
354 4235 553 4330 devitante,
571 4237 610 4311 in
630 4237 834 4314 confinibus
853 4236 1042 4329 Poloniae,
1061 4257 1106 4309 ao
1120 4233 1262 4309 Daciae
1281 4255 1349 4330 per

221 4361 329 4461 alpes
348 4363 483 4438 montis
502 4363 694 4461 Karpatii,
723 4363 926 4439 Huutinum
954 4383 1087 4436 versus
1109 4359 1213 4435 exiis
1233 4380 1348 4433 emer·

219 4496 360 4581 serunt,
379 4496 455 4562 tam
473 4488 599 4563 arduis
626 4487 906 4586 salebrosisque
925 4487 1128 4579 itineribus,
1148 4492 1189 4560 ut
1207 4483 1279 4558 nisi
1290 4507 1345 4574 ea,

220 4611 265 4687 de
285 4638 362 4711 qua
381 4613 678 4710 insequentibus
707 4614 881 4706 dicemus,
912 4612 1097 4688 diseordia
1124 4609 1345 4707 Principem,

220 4762 264 4814 ae
290 4763 470 4840 proceres
497 4741 745 4835 distraxisset,
774 4739 909 4815 nemini
937 4737 1082 4814 omnino
1109 4743 1239 4837 posset
1260 4756 1346 4812 esse
