3625 5534
490 573 1010 629 murmurmurmur.
1110 569 1117 580 ·
1260 555 1312 632 99

187 761 258 826 tum
278 751 466 836 simulare,
485 759 803 849 contemptumque
830 750 888 824 sui
916 749 1014 848 apud
1033 759 1182 825 nostros
1200 753 1314 826 omni-

188 879 254 951 bus
274 877 394 952 modis
413 877 621 951 conciliare.
642 873 785 965 Quibus
804 876 972 950 omnihus
1000 875 1038 948 id
1067 876 1199 969 effecit,
1218 886 1257 952 ut
1276 887 1314 953 et

187 1003 302 1078 nostri
321 1026 405 1077 eum
424 1003 498 1077 iem
515 1001 778 1099 propemodum
798 1000 1034 1099 desperasse,
1064 1024 1311 1099 necunquam

188 1131 284 1204 vires
311 1128 493 1224 colligere
520 1149 653 1225 posse,
691 1136 756 1202 aut
785 1127 929 1223 copiam
962 1127 1153 1226 pugnandi
1189 1130 1315 1204 facere

189 1255 289 1340 velle,
307 1256 526 1342 iudicarent,
545 1261 583 1327 et
601 1250 745 1326 Caesar
763 1275 808 1326 eo
828 1253 949 1349 magis
968 1254 1153 1329 laboranti
1172 1252 1312 1330 Sinano

189 1383 311 1480 copias
332 1381 550 1456 submittere
567 1400 640 1453 non
660 1377 858 1454 dubitaret.

642 1567 858 1576 ..o-u-—

507 1757 682 1834 CAPVT
711 1753 983 1832 OCTAVVM.

287 1945 348 2019 De
367 1943 520 2018 comitiis
531 1938 719 2036 Rudolplti
736 1938 977 2036 imperatoris
987 1936 1205 2012 Ratisbonae

645 2063 846 2139 celebratis.

289 2268 389 2342 Dum
416 2273 471 2342 tot
497 2264 686 2361 tantisque
712 2266 920 2341 rumoribus
950 2264 1190 2342 Christianus
1210 2269 1313 2344 orbis

192 2395 234 2468 cd
251 2395 375 2472 felicia
394 2413 563 2489 quaeque
581 2390 769 2488 speranda
787 2391 953 2487 erigitur.
972 2388 1191 2489 Rudolphus
1202 2394 1312 2472 etiam

192 2522 392 2618 Imperator
410 2517 671 2605 Romanorum,
696 2538 742 2590 ne
770 2515 943 2612 partibus
962 2516 1040 2591 suis
1060 2516 1193 2593 deesse
1211 2520 1320 2596 vide·

191 2657 294 2735 retur,
312 2644 461 2720 comitia
488 2641 638 2740 imperii
665 2639 896 2717 Ratishonae
923 2640 1064 2716 indixit.
1093 2640 1311 2723 Convenere

193 2796 232 2848 eo
249 2773 359 2871 pauci
376 2795 424 2844 ex
442 2767 746 2868 protestantibus,
764 2765 864 2863 iique
881 2789 950 2864 per
969 2767 1126 2864 legatos,
1146 2793 1200 2864 eo,
1215 2773 1313 2870 quod

194 2909 348 2974 metuere
367 2921 411 2973 sc
429 2894 605 2984 dicerent,
642 2916 688 2967 ne
717 2893 850 2984 abiis,
889 2893 953 2990 qui
972 2893 1162 2971 Pontificis
1182 2899 1313 2973 summi

194 3025 448 3103 authoritatem
467 3029 680 3119 sequuntur,
698 3020 823 3118 aliquo
834 3019 1053 3097 detrimento
1067 3023 1311 3100 efficerentur.

195 3149 388 3248 Postquam
416 3157 540 3225 tamen
567 3147 748 3244 primores
776 3146 944 3221 ordinum
972 3169 1016 3222 eo
1040 3147 1312 3244 convenissent,

194 3273 328 3352 Caesar
346 3298 415 3374 per
432 3274 671 3371 interpretem
688 3270 872 3369 proponit,
892 3273 1075 3369 quomodo
1095 3276 1313 3352 Turcsesu-

194 3402 323 3499 periori
342 3423 452 3492 anno,
471 3404 579 3496 rupto
598 3404 749 3495 praeter
766 3398 826 3471 las
845 3398 1006 3493 loedere,
1025 3399 1063 3475 in
1083 3396 1237 3478 Croatia
1257 3401 1314 3478 Si-

201 3551 328 3618 seenm,
347 3527 385 3602 in
405 3524 576 3621 Vngaria
601 3545 691 3599 vero
717 3524 977 3623 Vesprimium,
998 3526 1239 3626 Palotsmque
1258 3553 1315 3606 oe·

194 3654 340 3752 pissent,
361 3659 400 3727 et
416 3652 588 3747 ingentes
606 3649 742 3746 ubique
761 3651 993 3727 vastationes
1012 3653 1226 3748 edidissent,
1244 3679 1314 3731 nec

193 3788 272 3855 ante
290 3787 422 3878 coepto
441 3776 625 3852 absistere
645 3776 874 3869 statuissent,
890 3779 1165 3874 quamomnino,
1186 3778 1312 3854 deleta

194 3907 365 4003 Vngaria,
402 3904 607 3980 Romanum
641 3903 760 4001 ipsum
798 3904 997 4003 Imperium
1036 3905 1310 4001 subiugessent.

194 4031 345 4109 Proinde
364 4031 506 4106 monuit
523 4053 650 4105 omnes
678 4030 827 4105 ordines
856 4030 966 4127 gravi
984 4031 1161 4125 oratioue,
1200 4041 1311 4130 atque

194 4159 299 4234 etiam
333 4158 556 4250 obsecravit,
593 4180 640 4231 ne
667 4157 854 4231 laboranti
873 4154 1111 4232 Christianae
1138 4157 1312 4256 reipubli-

194 4307 254 4358 cec
273 4285 456 4373 deessent,
476 4282 756 4380 cogitarentqne
785 4303 920 4376 secum,
949 4305 1026 4356 rem
1055 4283 1217 4380 ipsorum
1238 4304 1311 4358 om-

194 4409 273 4483 uino
291 4411 364 4506 agi,
388 4411 473 4485 dum
501 4407 742 4502 fortissimam
762 4408 998 4503 Vngarorum
1026 4415 1185 4504 gentem,
1217 4430 1311 4506 quae

194 4533 353 4610 ducentis
390 4534 549 4632 amplius
585 4533 660 4608 iam
696 4533 806 4608 annis
847 4534 1021 4633 impetum
1066 4533 1311 4610 harbarorum

194 4660 434 4753 sustinuisset,
462 4661 500 4735 in
530 4668 695 4736 extremo
724 4659 936 4734 discrimine
965 4660 1109 4734 versari
1129 4659 1307 4754 viderent.

196 4783 410 4861 Conferrent
427 4786 542 4884 igitur
560 4784 765 4883 pecuniam,
793 4784 925 4860 darem
952 4785 1095 4877 milites,
1125 4809 1229 4861 mma
1245 4810 1311 4885 ps·

1109 4927 1149 4992 ἵ*
