3625 5534
506 577 759 631 passarus.
779 577 863 629 nnc.
874 577 925 630 x1.
947 577 981 629 u.
1002 578 1026 632 1.
1278 553 1356 635 291

234 753 330 828 cium
349 754 614 830 adTurcarum
623 753 836 842 Caesarem,
858 754 903 829 de
922 754 1097 838 tentanda
1106 779 1200 853 pace
1209 757 1357 830 mittere

234 880 376 956 statuit.
397 881 581 977 Deligitur
609 903 700 977 ergo
720 905 767 955 ex
786 881 884 955 omni
902 903 1052 956 numero
1063 881 1247 957 Martinus
1258 882 1359 956 Lite·

233 1013 339 1080 ratus
359 1006 559 1105 Lippcnsis
573 1007 756 1104 provisor,
783 1007 842 1081 vir
869 1007 1018 1102 linguae
1038 1008 1220 1083 'Furcicae
1239 1007 1361 1105 impri-

236 1130 307 1204 mis
326 1131 481 1228 peritus.
523 1135 557 1203 ls
586 1155 666 1206 cum
694 1133 793 1206 haud
820 1133 945 1206 multis
973 1133 1165 1208 comitibus
1184 1157 1251 1240 per
1269 1133 1362 1207 fines

218 1253 513 1352 ·Trausalpiuae
541 1254 899 1356 Constantinopolim
928 1258 1193 1356 proficiscitur,
1227 1259 1361 1356 partim

235 1389 276 1456 ut
294 1381 454 1454 animum
466 1379 622 1478 'tyranni
643 1383 689 1456 de
717 1406 808 1480 pace
831 1392 1069 1480 pertentaret,
1098 1385 1232 1483 partim
1260 1405 1360 1471 vero,

234 1508 267 1582 si
285 1507 325 1580 id
342 1506 461 1580 miuus
483 1529 528 1582 ex
548 1509 660 1580 animi
680 1510 864 1582 sententia
885 1511 1074 1600 cessisset,
1100 1511 1200 1585 vires
1222 1509 1362 1583 Turca·

234 1657 316 1707 rum
339 1632 621 1730 molitionesqne
650 1635 896 1710 clancularias
927 1637 1004 1712 eius
1034 1637 1146 1711 animi
1174 1637 1363 1731 sagaciter

236 1758 500 1852 investigaret:
525 1783 633 1854 quum
654 1782 697 1832 eo
718 1761 936 1857 appulisset,
955 1763 1166 1859 praecipuis
1185 1785 1363 1860 purpura-

235 1885 284 1959 tis
305 1884 452 1958 obviam
471 1884 607 1974 missis,
639 1884 1011 1960 honorificentissime
1036 1911 1116 1960 eum
1139 1885 1282 1961 Caesar
1302 1910 1363 1959 ex·

235 2011 345 2108 cepit.
384 2010 472 2084 Mox
508 2009 637 2107 paucis
676 2010 805 2085 diebus
845 2013 958 2108 quieti
988 2013 1084 2084 dalis
1131 2035 1211 2086 eum
1241 2035 1363 2085 aecer-

237 2136 297 2227 sit,
318 2144 355 2210 ct
373 2143 447 2209 tam
466 2137 615 2234 publice
636 2161 745 2233 quam
768 2138 940 2236 privatim
961 2145 1100 2212 attente
1120 2137 1289 2224 exaudit,
1319 2161 1364 2212 ae

235 2263 347 2360 paulo
366 2270 452 2360 post
470 2263 507 2336 in
527 2263 770 2338 diversorium
790 2264 986 2358 magnilica
1007 2287 1085 2338 cum
1105 2288 1240 2362 pompa
1252 2263 1362 2337 redu-

236 2387 391 2461 cendum
412 2395 523 2461 curat.
554 2386 736 2461 Perleotis
757 2386 982 2482 sigismundi
1003 2388 1132 2480 literis,
1163 2385 1362 2484 habitoque

235 2512 401 2604 coneilio,
419 2535 548 2590 rursus
567 2537 648 2588 enm
660 2511 803 2587 Caesar
823 2514 870 2588 ad
889 2539 931 2589 se
951 2523 1061 2590 vocat
1079 2523 1115 2588 et
1133 2512 1280 2613 prolixa
1299 2512 1361 2587 ad-

236 2637 381 2714 modum
402 2638 700 2735 grauissimaque
719 2640 897 2731 oratione,
927 2640 975 2713 ad
994 2664 1123 2738 paoem
1143 2641 1362 2739 amplecten-

237 2763 321 2840 dam
338 2762 548 2862 Principem
575 2765 754 2839 hortatur.
773 2763 921 2840 Pauois.
937 2759 1033 2864 post,
1063 2768 1190 2842 literas
1220 2764 1364 2840 Caesar

237 2889 286 2964 ad
305 2885 579 2984 Sigismnndum
599 2886 673 2979 dat,
694 2912 739 2962 ao
758 2889 795 2962 iu
815 2889 862 2963 iis
882 2890 1105 2984 gravissime
1126 2916 1207 2966 enm
1224 2891 1271 2966 ad
1282 2912 1364 2964 con-

237 3011 525 3088 foedcrationem
544 3013 719 3089 stimulat.
748 3012 829 3104 Quo
849 3038 938 3090 vero
958 3016 1168 3092 mandatum
1187 3013 1364 3090 Caesaris

236 3139 335 3215 foret
352 3139 503 3231 firmius,
523 3139 718 3238 epistolam
737 3127 854 3214 mater
865 3164 1010 3239 quoqne
1026 3139 1214 3234 Caesaris,
1234 3142 1366 3215 relicta

238 3265 437 3356 Amuratis,
457 3265 613 3340 seorsim
624 3264 672 3340 ad
681 3264 888 3362 Principem
899 3267 1058 3362 expedit,
1075 3290 1227 3363 euntque
1243 3291 1365 3340 eman·

239 3391 393 3464 tissimis
421 3391 549 3465 verbis
578 3391 683 3466 filiali
710 3413 864 3486 prorsus
893 3393 1028 3466 affectu
1053 3392 1101 3466 ad
1120 3391 1365 3468 obedientiam

239 3526 369 3615 portae
389 3514 602 3591 Caesareae
630 3518 894 3614 praestandam
914 3520 1201 3595 commonefacit.
1223 3518 1366 3610 Quibus

239 3642 422 3718 mandatis
442 3640 846 3737 blartiuusinstructus,
867 3645 1151 3743 ingentibusque
1172 3645 1366 3743 promissis

243 3777 355 3866 atque
382 3769 488 3844 donis
508 3778 693 3861 oneratus,
724 3772 868 3846 domum
889 3772 1093 3847 remittitur.
1132 3772 1170 3843 Is
1190 3771 1227 3842 in
1247 3768 1366 3843 Tran-

242 3894 450 3993 sylvaniam
475 3918 649 3970 reversus
677 3896 865 3993 postulata
885 3893 1063 3970 Caesaris
1082 3895 1242 3992 exponit,
1272 3916 1366 3989 quae

241 4049 320 4100 cum
341 4025 491 4099 duriora
510 4024 733 4113 viderentur,
763 4023 885 4121 coepit
902 4023 1002 4097 illico
1020 4022 1199 4122 Princeps
1220 4021 1264 4095 dc
1285 4043 1366 4114 pro-

241 4151 362 4225 vincia
389 4151 626 4245 resignanda,
656 4149 989 4246 gubernandisque
1020 4150 1099 4223 eius
1128 4146 1366 4246 disponendis

242 4277 419 4373 cogitare.
448 4276 563 4350 Mittit
586 4276 699 4372 igitur
727 4274 881 4349 eundem
901 4277 1069 4350 nuncium
1098 4275 1147 4347 ad
1166 4273 1367 4348 Caesarem

240 4401 487 4499 Rudolphum,
508 4425 661 4497 eumque
682 4401 727 4475 de
747 4401 915 4475 omnibus
931 4409 1003 4474 tam
1024 4401 1111 4485 suis,
1132 4397 1367 4496 quamImpe-

240 4528 376 4604 ratoris
397 4527 602 4604 'Parcarum
631 4527 822 4601 conatibus
851 4526 990 4601 edocet.
1024 4527 1111 4600 Mox
1140 4525 1254 4598 misso
1281 4523 1369 4596 illuc

241 4653 434 4752 Alpbonso
454 4653 609 4730 Carilllo
639 4653 790 4738 Iesuita,
819 4660 968 4750 paetum
998 4651 1159 4726 foederis
1185 4656 1304 4744 urget,
1332 4656 1369 4722 et

238 4781 464 4877 provinciam
484 4779 556 4854 sibi
571 4779 792 4877 promissam
810 4779 957 4854 iamiam
985 4778 1176 4874 designari
1194 4777 1367 4875 postulat.

1145 4917 1205 4981 19*
