3625 5534
651 539 847 608 bsuuuulr.
1186 539 1309 608 XLVII

204 733 292 801 reeta
308 723 545 822 impenderet.
566 722 612 798 Id
630 722 739 800 simul
757 747 802 800 ao
820 722 884 800 ille
902 723 1026 800 subito
1050 723 1308 801 tremebundus

204 849 459 944 animadvertit,
487 857 589 927 tanto
617 872 757 949 pavore
785 858 978 948 correptus
1006 858 1075 940 est,
1102 859 1144 926 ut
1170 850 1309 926 abitum

103 965 105 970 ’
203 984 385 1076 atyrunuo
405 975 597 1053 confestim
618 976 838 1069 exoraverit,
857 977 1079 1075 beatamque
1096 976 1308 1077 Principum

182 1113 184 1118 ’
203 1103 430 1180 conditionem
458 1104 616 1203 amplius
634 1103 774 1180 babere
792 1104 1033 1182 recusaverit.
1063 1102 1145 1196 Quo
1173 1105 1309 1181 Damo-

203 1231 260 1307 clis
277 1232 443 1330 exemplo
461 1231 567 1322 satis,
586 1237 627 1307 ut
647 1230 788 1329 opinor,
809 1232 856 1307 ob
876 1230 1003 1307 oculos
1021 1231 1148 1330 posuit
1167 1230 1307 1328 Diony-

204 1358 281 1451 sius,
304 1380 377 1435 non
404 1359 522 1434 solum
551 1358 824 1459 Tyranuorum
853 1357 975 1456 qualis
1002 1357 1202 1458 ipsemet,
1241 1358 1309 1434 sed

205 1485 301 1560 etium
330 1485 575 1586 legitimorum
603 1483 824 1584 Principum,
854 1506 1057 1583 equorum
1076 1507 1227 1564 numero
1244 1493 1309 1562 tua

205 1621 253 1686 est
268 1611 455 1706 celsitudo,
482 1611 664 1689 fortunam
693 1612 807 1709 uulgo
835 1612 982 1711 quidem
1001 1612 1146 1688 felicem
1164 1612 1308 1712 praedi·

203 1737 277 1827 cari,
285 1761 325 1812 re
335 1746 456 1815 autem
474 1761 564 1815 vera
572 1737 742 1814 maximis
760 1739 870 1832 curis,
890 1739 1178 1831 difficultatibus,
1197 1746 1309 1837 atquc

203 1861 360 1960 periculis
377 1862 628 1963 plenissimam
656 1885 750 1939 esse.
780 1863 817 1940 N
818 1887 862 1941 ec
889 1864 1065 1963 estquod
1083 1863 1252 1962 pluribus
1271 1875 1309 1940 et

203 1985 337 2084 elougo
355 1988 483 2088 petitis
501 1987 551 2066 ad
568 1988 640 2064 hoc
671 1989 996 2066 demonstrandum
1014 1990 1195 2090 exemplis
1214 1999 1306 2068 utar.

206 2113 243 2189 ld
258 2115 349 2190 enirn
367 2138 477 2214 quam
503 2137 631 2192 verum
651 2114 700 2191 sit
719 2143 727 2190 :
749 2116 843 2192 satis
863 2125 964 2193 certe
982 2139 1168 2215 superque
1187 2125 1310 2212 potest

208 2241 354 2340 experiri
372 2249 437 2318 tus
455 2241 644 2334 celsitudo,
664 2265 759 2341 quae
788 2242 1005 2319 multisiam
1023 2242 1130 2320 annis
1148 2243 1309 2321 nobilem

206 2365 290 2442 banc
323 2366 549 2466 provinciam
577 2367 674 2444 inter
711 2368 990 2465 potentissimos
1026 2347 1309 2468 circumquaque

204 2491 319 2570 hostes
344 2492 380 2569 iu
409 2503 591 2594 perpetua
608 2517 711 2594 pace,
738 2495 811 2571 Dei
830 2494 1022 2588 beneficio,
1050 2518 1097 2572 ac
1114 2495 1310 2594 sapientis·

203 2617 363 2696 simomm
382 2643 574 2720 procerum
602 2619 756 2698 consilio
780 2621 1025 2714 conservavit,
1052 2629 1092 2698 et
1107 2645 1204 2700 nuuc
1222 2646 1309 2720 quo·

204 2767 267 2842 que
283 2753 467 2826 numutem
485 2747 635 2825 summis
654 2748 752 2824 curis
771 2771 816 2824 ac
834 2747 1030 2825 laboribus
1048 2748 1144 2826 tueri
1162 2773 1208 2826 ac
1225 2771 1310 2826 cou-

204 2893 340 2950 servsre
359 2881 522 2952 conatur.
542 2873 624 2968 Quo
641 2875 761 2975 magis
772 2874 878 2952 decet
894 2875 1097 2968 universos,
1117 2876 1180 2974 qui
1199 2876 1306 2952 huius

202 2993 427 3097 Reipublicae
455 3000 534 3077 veri
561 3001 663 3077 cives
692 3001 809 3078 videri
836 2999 975 3095 volunt,
1002 3001 1040 3077 in
1068 3002 1140 3079 boc
1167 3024 1309 3081 summa

203 3143 265 3222 ope
279 3123 497 3216 incumbere,
525 3134 565 3204 ut
592 3126 757 3206 Patriam
784 3129 902 3206 variis
931 3127 1193 3206 circumdatum
1210 3129 1307 3228 peri·

204 3247 295 3347 culis,
312 3260 351 3330 et
368 3252 607 3332 incredibiles
624 3261 711 3332 tuae
724 3255 954 3334 celsitudinis
968 3255 1121 3354 eiusque
1139 3254 1310 3332 consiliu

204 3375 325 3455 riorum
353 3379 391 3455 in
418 3379 554 3458 tuenda
581 3405 674 3482 pace
709 3381 860 3482 publica
887 3389 926 3459 et
951 3381 1182 3460 defendenda
1199 3383 1308 3481 regni

204 3504 310 3583 salute
327 3505 591 3599 solicitudines‚
611 3507 700 3601 suis,
719 3507 1061 3607 quantumquisquc
1078 3515 1211 3608 potest,
1230 3509 1309 3586 offi-

203 3629 262 3706 ciis
278 3655 322 3708 ae
359 3633 600 3711 facultatibus
618 3657 666 3710 ex
693 3634 815 3712 animo
842 3634 973 3711 iuvare
998 3644 1185 3713 conentur.
1224 3637 1310 3714 Non

201 3755 304 3834 minus
321 3781 414 3836 sane
433 3758 630 3858 diligenter
656 3759 759 3837 hisce
780 3760 922 3855 debus,
951 3784 1061 3859 quam
1080 3762 1146 3838 alii
1163 3762 1309 3840 cordati

200 3879 360 3978 homiues,
398 3885 470 3964 hoc
505 3885 625 3986 ipsum
662 3909 733 3986 ego
764 3910 921 3986 quoque,
958 3911 1068 3986 quem
1094 3911 1193 3966 nunc
1228 3911 1310 3965 cum

199 4009 276 4085 meis
300 4011 460 4090 saevitia
486 4011 648 4089 Tucim
674 4014 830 4091 sedibus
864 4013 1046 4113 bonisque
1065 4014 1197 4113 patriis
1214 4014 1311 4090 eiec-

199 4139 264 4210 tum
280 4161 324 4213 ac
351 4147 540 4216 extorrem
566 4138 605 4214 in
633 4141 766 4217 umbra
804 4140 948 4217 alarum
974 4149 1061 4217 tuse
1079 4139 1311 4217 celsitudinis

199 4263 401 4340 commorari
429 4264 541 4365 cogit,
569 4287 708 4342 mecum
737 4265 982 4360 consideravi,
1012 4272 1059 4359 et,
1080 4271 1120 4343 ut
1137 4273 1311 4366 pacatam

198 4386 315 4464 saltem
343 4389 417 4468 iam
445 4390 507 4467 hic
532 4391 620 4467 mibi
650 4393 813 4492 meisque
841 4392 1047 4469 mansionis
1075 4392 1201 4469 sedem
1222 4416 1311 4469 nau·

198 4509 275 4588 duci
292 4537 452 4616 possem,
480 4516 697 4596 ardentibus
725 4519 809 4594 Deo
828 4517 1118 4595 clementissimo
1136 4518 1234 4595 votis
1252 4541 1311 4596 sa·

198 4632 300 4716 lutum
319 4641 427 4718 buius
444 4641 656 4741 provinciae
673 4643 937 4722 commendavi.
968 4644 1106 4722 Verum
1124 4645 1311 4722 enimvero
