3625 5534
475 460 553 538 310
850 486 898 536 ro.
917 485 1016 536 usuu
1035 485 1182 538 nasovu

474 668 513 736 ut
530 683 596 757 per
618 661 784 759 captivos
810 685 854 736 ae
881 663 1135 759 exploratores
1155 661 1332 748 Turcicos
1350 663 1454 740 iuxta
1472 673 1583 763 atque

377 785 382 798 '
476 787 693 883 Vngaricos,
713 787 880 885 aliosque
899 789 1068 882 rusticos,
1098 789 1229 887 quibus
1257 791 1376 866 libera
1393 792 1479 866 hinc
1496 792 1583 868 inde

476 913 703 989 commeandi
721 912 879 990 facultas
898 924 988 1008 erat,
1008 916 1052 992 de
1067 917 1164 991 omui
1174 924 1272 993 statu
1282 925 1480 1016 portarurn,
1499 943 1583 1018 pro-

475 1045 772 1141 pugnaculorum,
791 1043 1018 1137 transituum,
1037 1045 1187 1138 viarum,
1197 1045 1419 1140 semitarum,
1438 1055 1475 1122 et
1493 1038 1581 1144 pou-

474 1168 572 1261 tium,
597 1167 658 1264 qui
677 1173 752 1240 tam
781 1174 888 1242 extra
908 1191 1016 1266 quam
1034 1168 1131 1244 intra
1150 1168 1333 1244 civitatem
1352 1179 1448 1262 sunt,
1481 1178 1581 1246 certo
1724 1187 1725 1204 ¹

476 1303 728 1390 cognosceret.
750 1293 857 1386 Quod
874 1292 938 1369 nbi
955 1294 1172 1392 praestitum
1192 1303 1258 1386 est,
1277 1297 1510 1392 quumnostri
1521 1321 1584 1375 co-

477 1419 584 1517 piosa
602 1420 691 1496 nive
710 1428 747 1496 et
764 1419 956 1496 fluviorum
981 1419 1215 1496 inundatione
1242 1420 1428 1518 variisque
1457 1430 1582 1497 vento·

476 1569 554 1621 rum
577 1546 865 1643 tempestatibus
874 1546 1152 1644 impedirentur:
1172 1554 1294 1622 tamen
1314 1571 1421 1645 quam
1431 1557 1588 1648 possunt

477 1671 719 1747 occultissime
748 1672 875 1771 copias
895 1668 1128 1748 Comarinnm
1156 1673 1349 1748 convenire
1378 1674 1514 1750 iubent.
1541 1677 1585 1751 ln

475 1798 523 1872 iis
540 1797 643 1874 fuere
661 1800 761 1874 mille
779 1799 1011 1874 selectissimi
1030 1799 1183 1897 equites,
1202 1799 1424 1898 totidemque
1442 1801 1585 1900 pedites

478 1923 667 2022 Vugarici,
691 1928 864 2024 nongenti
884 1923 997 2018 Galli,
1025 1926 1244 2023 totidemque
1272 1927 1470 2020 Vallones,
1491 1925 1586 2003 CCC

480 2049 764 2150 Strigonieuses,
800 2061 836 2130 et
868 2054 900 2127 L
938 2049 1255 2127 Comaromienses
1284 2049 1462 2129 Germani
1493 2062 1589 2130 oute-

479 2179 632 2277 phracti.
669 2177 760 2256 Cum
789 2180 848 2254 his
875 2179 988 2276 igitur
1007 2178 1159 2277 copiolis
1188 2177 1353 2256 XXVII.
1373 2179 1501 2255 Martii
1520 2179 1587 2258 Co·

481 2306 621 2381 marino
639 2306 767 2383 horam
791 2305 936 2381 circiter
953 2304 1107 2404 primam
1126 2305 1411 2403 pomeridianam
1439 2307 1511 2382 iter
1531 2332 1588 2382 ea·

479 2431 592 2530 pinnt,
611 2439 648 2508 et
665 2442 786 2532 ponte,
806 2433 867 2531 qui
877 2431 1119 2532 praecedente
1139 2433 1217 2508 cius
1237 2432 1309 2509 diei
1326 2438 1434 2507 nocte
1452 2433 1491 2508 in
1512 2436 1588 2510 Da-

480 2559 592 2636 uubio
610 2557 842 2636 velocissime
861 2584 907 2635 eu
925 2559 1081 2635 navibus
1110 2566 1319 2657 compactus
1347 2566 1436 2650 erat,
1465 2559 1590 2636 Danu-

481 2685 579 2760 bium
605 2686 739 2762 faustis
767 2687 946 2762 ominibus
965 2686 1159 2762 traiiciunt.
1197 2682 1359 2761 Simulac
1377 2684 1470 2759 enim
1490 2707 1591 2762 oram

485 2809 680 2890 Comarino
708 2811 906 2904 solueraut,
936 2815 1118 2911 extemplo
1138 2813 1231 2888 duae
1251 2810 1395 2909 aquilae
1415 2813 1591 2888 exercitui

481 2939 759 3040 supervolitare,
788 2947 825 3014 et
852 2964 925 3015 nou
942 2964 1058 3038 parvo
1087 2939 1281 3015 intervallo
1310 2939 1590 3036 progredientes

482 3067 657 3164 subsequi
683 3075 901 3165 conspectae
933 3068 1089 3142 fuerunt.
1118 3066 1260 3158 Quibus
1288 3064 1326 3139 in
1353 3086 1476 3140 aerem
1503 3066 1593 3140 dila-

483 3196 571 3292 psis,
590 3193 666 3270 alia
683 3217 811 3270 rursus
831 3190 943 3293 (quod
970 3187 1115 3290 mirere)
1145 3192 1270 3291 aquila
1298 3191 1518 3290 supervenit,
1548 3214 1592 3266 ac

482 3322 637 3397 frustum
655 3322 777 3397 caruis
797 3322 929 3397 rostris
947 3328 1076 3396 teneus
1105 3318 1216 3417 capiti
1237 3316 1380 3394 Nicolai
1399 3316 1496 3392 Palfi
1515 3320 1592 3416 pla-

484 3446 565 3523 cide
588 3449 859 3546 supervolitans
888 3444 1118 3545 deprehensa
1137 3454 1203 3522 est
1242 3444 1323 3536 Quo
1352 3443 1432 3517 viso
1452 3443 1593 3521 Paltius

416 3617 419 3623 .
482 3573 570 3648 boni
586 3572 626 3647 id
643 3573 773 3648 ominis
791 3573 871 3648 loco
891 3568 1140 3670 accipiendum
1159 3576 1271 3661 ratus,
1297 3568 1491 3644 occasione
1509 3570 1594 3645 inde

485 3707 639 3798 sumpte,
659 3698 794 3775 milites
814 3721 940 3773 omnes
959 3700 1055 3775 bono
1075 3717 1159 3772 csse
1177 3695 1295 3770 auimo
1312 3693 1430 3770 iussit.
1450 3693 1522 3769 His
1533 3718 1591 3770 ac·

486 3827 598 3903 cessit
616 3832 654 3902 et
671 3825 755 3925 pica
774 3825 962 3924 quaedam,
980 3847 1072 3922 quae
1092 3819 1273 3918 virgulam
1292 3843 1356 3897 ore
1379 3827 1592 3896 tenenstam

486 3953 547 4028 diu
574 3960 702 4028 euntes
732 3953 906 4028 comitare
934 3951 1016 4025 visa
1043 3957 1110 4042 est,
1148 3947 1264 4023 donec
1291 3946 1339 4022 ad
1356 3947 1474 4046 ripam
1493 3947 1594 4022 fluvii

485 4078 672 4156 cuiusdam
691 4080 957 4178 pervenissent.
969 4077 1025 4152 lbi
1037 4076 1195 4174 virgulto
1205 4074 1350 4171 placide
1369 4073 1536 4171 deposito
1555 4073 1593 4147 in

487 4228 660 4282 aeremse
679 4206 837 4282 sustulit.
847 4206 919 4281 His
931 4203 1103 4303 auspiciis
1113 4203 1150 4278 in
1161 4202 1347 4277 meliorem
1367 4224 1470 4299 spem
1481 4200 1594 4276 erecti

487 4339 561 4407 tam
589 4330 699 4408 duces
722 4331 804 4431 ipsi,
824 4355 932 4430 quam
962 4331 1106 4423 milites,
1126 4328 1316 4403 confestim
1335 4333 1593 4404 antecursores

486 4456 783 4556 expeditissimos
803 4458 946 4554 equites
974 4476 1265 4556 quaquaversum
1300 4453 1492 4542 dimittunt,
1524 4453 1594 4528 eis-

488 4607 558 4681 que
567 4583 749 4675 mandant,
759 4590 798 4658 ut
806 4583 888 4659 vias
896 4607 1021 4660 omues
1040 4591 1149 4681 atque
1168 4581 1345 4657 transitus
1357 4575 1594 4679 (obsideant),

490 4709 619 4814 quibus
637 4708 822 4789 laurinum
856 4711 972 4788 ituros
1005 4708 1251 4790 attentissima
1279 4730 1367 4784 eura
1383 4707 1592 4800 observent,
