3625 5534
484 517 532 566 nn
551 519 631 569 sss.
649 518 733 572 vuc.
754 521 836 570 osc.
864 521 899 572 x.
922 521 955 572 u.
976 521 1026 572 vr.
1254 497 1328 578 113

204 689 334 782 tuaria,
355 715 401 767 ac
418 693 591 784 clamosa,
611 701 808 770 venatores
835 695 974 794 optimi,
1000 704 1037 771 et
1057 697 1253 772 certissimi
1270 721 1329 774 sa·

204 818 412 914 gittatores,
432 820 532 894 feras
552 820 633 896 loco
653 826 773 895 motas
784 794 875 919 prae
887 843 928 896 se
940 822 1082 916 fugant,
1094 847 1178 899 mox
1188 824 1226 897 in
1248 823 1330 897 cho·

205 967 291 1018 reae
311 945 473 1043 speciem
498 955 613 1038 actas,
641 946 726 1021 telis
757 947 871 1021 veluti
898 947 1077 1042 ludentes,
1106 949 1327 1025 confodiunt.

204 1068 274 1144 His
294 1070 381 1168 eqni
400 1079 486 1146 sunt
500 1071 649 1164 dociles,
669 1080 707 1148 et
726 1081 881 1147 externa
899 1073 1046 1170 quidem
1076 1075 1200 1172 specie
1221 1076 1330 1152 maci·

204 1197 302 1290 lenti,
321 1198 401 1290 sed,
421 1221 535 1296 supra
553 1221 662 1296 quam
681 1199 850 1296 cuiquam
878 1199 1055 1275 credibile
1083 1201 1141 1293 sit,
1171 1201 1329 1294 veloces,

204 1331 239 1397 et
255 1325 414 1416 robusti,
434 1325 496 1422 qui
514 1325 652 1399 hordeo
667 1333 876 1424 pascuntur,
902 1349 1022 1423 neque
1050 1326 1185 1402 ferreis
1214 1327 1328 1403 soleis

208 1450 323 1547 pedes
342 1451 560 1541 muniuntur,
588 1452 758 1551 exempla
773 1452 1034 1551 suppliciorum
1054 1452 1230 1530 divinitus
1242 1478 1329 1550 gen-

203 1575 301 1652 tibus
329 1577 585 1653 immissorum.
623 1578 764 1674 Magna
798 1578 962 1676 ipsorum
998 1602 1171 1677 pecorum
1209 1581 1327 1678 copia,

204 1702 350 1798 quando
369 1704 451 1778 sola
468 1726 580 1779 carne
599 1703 742 1801 equina,
762 1704 823 1777 vel
842 1704 987 1796 bovina,
1007 1707 1067 1780 vel
1087 1707 1198 1782 etiam
1216 1729 1329 1803 quau·

206 1826 324 1924 doque
343 1827 503 1904 bumana
521 1827 692 1921 contenti,
711 1835 786 1902 tam
812 1829 907 1920 vino,
940 1853 1048 1926 quam
1076 1831 1329 1908 frumentosa.

205 1952 272 2027 cile
301 1935 433 2030 carere
459 1963 624 2054 possunt.
664 1950 787 2029 Carne
815 1955 1013 2030 semicocta
1041 1979 1109 2055 pro
1129 1956 1221 2050 cibo,
1251 1957 1330 2032 iure

205 2078 282 2153 eins
300 2089 479 2178 propotu
499 2088 655 2170 utentes,
673 2103 758 2154 nam
777 2078 947 2176 equinum
968 2080 1183 2178 sanguinem
1208 2081 1246 2156 in
1265 2081 1326 2156 de·
1461 2087 1464 2094 ’

206 2203 300 2279 liciis
318 2205 469 2299 habent,
487 2205 584 2282 laete
602 2214 735 2297 tamen,
766 2212 803 2278 et
822 2204 932 2298 milio,
961 2207 1220 2303 pulmentoque
1239 2206 1327 2282 deli-

207 2330 366 2406 catiores
384 2339 542 2408 utuntur.
571 2329 801 2426 Religionem
829 2351 911 2404 eum
939 2330 1073 2405 Turcis
1102 2353 1328 2406 communem

207 2458 354 2550 babent,
390 2483 435 2534 ao
453 2457 704 2554 unusquisque
723 2455 796 2530 Dei
814 2455 922 2531 fidem
942 2479 983 2530 se
1008 2457 1131 2532 colere
1151 2457 1328 2548 dictitant,

206 2587 270 2660 sed
290 2584 393 2660 nulla
411 2609 491 2661 cum
511 2586 700 2682 religione.
722 2583 842 2678 laude,
863 2584 1085 2659 acoratione
1098 2608 1326 2684 prosequun-

206 2719 273 2802 tur,
292 2709 395 2786 idola
414 2710 594 2808 quaedam
612 2735 636 2784 a
655 2731 696 2782 se
716 2709 874 2783 formata
892 2717 1125 2804 venerantur,
1145 2707 1324 2788 Ohamum

206 2859 271 2913 seu
291 2838 434 2935 Regem
453 2861 558 2915 suum
577 2836 650 2913 Dei
669 2836 782 2911 filium
801 2846 1018 2934 agnoscunt,
1040 2839 1182 2913 somnia
1203 2839 1329 2914 obser-

206 2973 303 3054 vant,
322 2987 451 3060 vagos,
493 2972 530 3038 et
556 2961 740 3038 veneficos
768 2962 902 3056 colunt,
930 2961 1127 3038 daemones
1151 2964 1189 3036 in
1217 2963 1328 3038 idolis

207 3112 389 3187 responsa
406 3091 603 3166 reddentes
621 3089 787 3179 adorant,
807 3110 912 3164 omne
933 3112 1051 3185 genus
1071 3091 1251 3164 scelerum
1267 3089 1329 3163 im*

205 3239 301 3312 pune
318 3225 547 3316 perpetrant.
566 3215 660 3292 Sunt
678 3215 788 3290 etiam
808 3215 1049 3302 etleminatae,
1069 3215 1328 3312 inauditaeque

110 3411 114 3418 ,
206 3341 379 3436 libidinis,
400 3345 545 3443 quippe,
573 3343 635 3439 qni
662 3366 735 3416 non
762 3341 868 3417 modo
898 3341 937 3415 in
959 3340 1133 3436 maribus,
1144 3349 1182 3416 et
1198 3341 1327 3417 foemi-

208 3468 276 3560 nis,
296 3471 366 3546 sed
385 3496 431 3546 ne
450 3472 487 3546 in
514 3469 645 3545 bestiis
674 3467 819 3565 quidem
847 3490 952 3542 snum
984 3467 1145 3542 furorem
1175 3469 1328 3566 explere

206 3607 352 3692 queant,
389 3599 535 3674 bellnae
560 3596 692 3692 magis,
730 3617 775 3670 ac
802 3608 977 3688 monstra,
1015 3617 1124 3693 quam
1151 3594 1327 3686 homines,

205 3745 305 3801 more
323 3725 484 3800 Turcico
503 3726 628 3821 plures
648 3743 784 3797 uxores
803 3721 1113 3812 habeut,amatre
1142 3729 1179 3794 et
1198 3743 1327 3795 sorore

204 3861 342 3928 tautum
361 3850 596 3926 humaniores
617 3848 812 3939 abstinent,
823 3846 986 3943 reliquos
997 3845 1228 3943 cognationis
1238 3869 1327 3942 gra-

205 3980 273 4056 dus
290 4003 360 4078 pro
378 3977 493 4053 nihilo
512 3976 656 4053 ducunt.
677 3974 879 4049 Praeterea
896 3995 1014 4069 usque
1033 3971 1125 4046 adeo
1137 3971 1326 4060 immanes,

205 4119 244 4186 ut
268 4134 338 4186 nec
365 4129 475 4184 senes
502 4110 750 4194 revereantur,
788 4123 857 4174 nec
885 4100 1044 4180 infantes
1060 4097 1326 4182 misereantur,

205 4236 420 4334 sangninem
438 4234 634 4309 humanum
652 4251 779 4326 aeque,
799 4250 844 4304 ac
861 4248 995 4323 aquam
1005 4223 1152 4299 haurire
1172 4225 1326 4298 nonfor-

205 4365 362 4454 midant,
390 4360 564 4436 caedibus
592 4359 773 4449 exultant3
808 4354 968 4429 hostium
998 4351 1093 4427 alios
1122 4373 1142 4425 e
1171 4351 1325 4450 rupibus

206 4491 293 4566 dant
310 4486 547 4587 praecipites,
567 4484 661 4560 alios
680 4481 812 4580 positis
833 4501 948 4576 supra
966 4476 1099 4552 collum
1118 4477 1231 4562 saxis,
1253 4477 1325 4552 col-

205 4617 331 4704 lidunt,
350 4613 538 4712 plerisque
558 4606 868 4696 delitescentibus,
888 4625 968 4678 cnm
988 4603 1062 4676 telo
1091 4602 1325 4677 transverbe-

204 4751 297 4833 rant,
313 4740 638 4840 prosilientemque
656 4735 740 4810 inde
759 4754 923 4809 cruorem
944 4735 1098 4825 sugunt;
1115 4727 1238 4825 capita
1247 4751 1327 4804 cae-

250 4899 362 4938 nosvu.
375 4897 465 4936 stuc.
478 4895 553 4934 ursr.
564 4914 589 4922 -
598 4891 784 4934 srunmorsss.
794 4889 856 4929 xvix
1176 4867 1196 4930 8
