3625 5534
486 549 535 605 un
553 553 634 606 aue.
652 549 738 604 vro.
759 551 841 604 oue.
861 551 897 604 x.
919 554 953 604 u.
971 550 1035 605 vn.
1253 526 1330 605 145

204 725 312 803 cicae
339 726 548 828 tyrannidis
576 725 787 802 desciscere
827 726 973 801 omnino
1002 734 1170 804 statuere
1195 719 1256 823 ⁴⁴).
1285 724 1331 800 Id

206 874 281 948 quo
307 849 359 943 ⁴⁵)
379 852 500 948 magis
520 859 558 926 et
586 849 1000 950 SigismundoPrincipi
1018 859 1056 926 ct
1076 848 1333 926 aliisOhristi·

205 977 268 1050 ani
290 977 452 1053 foederis
481 977 696 1075 proceribus
723 974 1013 1074 persuaderent:
1033 999 1106 1052 uno
1130 977 1333 1071 eodemque

205 1107 375 1200 tempore
395 1103 443 1176 ad
461 1103 500 1177 id
510 1102 706 1197 destinato,
725 1101 852 1176 Aaron
862 1102 900 1175 iu
910 1102 1198 1200 metropolitano
1208 1099 1331 1195 Regni

206 1228 265 1302 sni
287 1227 436 1327 oppido,
465 1230 564 1325 quod
601 1229 738 1304 Forum
770 1229 797 1304 J
799 1249 961 1325 orygum
992 1229 1105 1325 vulgo
1134 1229 1335 1326 appellant,

205 1351 372 1427 Michael
418 1352 659 1428 Bokerestini
684 1350 736 1442 46)
786 1353 923 1452 oppido
961 1377 985 1426 a
1013 1353 1125 1444 boum
1161 1351 1332 1427 cornibus

206 1477 255 1550 ob
275 1499 500 1574 pascuorum
518 1477 734 1552 felicitatem
753 1476 840 1552 olim
859 1500 996 1570 graece
1026 1478 1259 1554 denominato
1274 1472 1335 1575 ⁴⁷),

208 1602 360 1676 'Furcas
380 1624 529 1695 omues,
560 1603 764 1704 quicunque
794 1601 1023 1701 deprehendi
1054 1604 1118 1696 ibi,
1138 1612 1175 1679 et
1193 1624 1334 1677 accom-

206 1726 370 1803 modatis
390 1727 436 1802 ad
455 1729 493 1802 id
512 1729 655 1803 artibus
675 1750 719 1804 eo
738 1729 839 1804 allici
865 1736 1076 1827 potuerunt,
1114 1754 1161 1804 ex
1189 1751 1335 1825 compo-

207 1853 279 1927 sito
300 1852 589 1944 trucidaverunt,
618 1861 655 1926 et
681 1873 754 1928 non
782 1854 952 1950 exiguam
983 1878 1028 1929 ex
1058 1876 1183 1930 eorum
1203 1853 1335 1956 spoliis

206 1978 388 2075 pecuniae
407 2000 584 2053 summam
603 1987 852 2054 corraserunt.
891 1980 983 2054 Mox
1012 1979 1137 2055 missis
1157 1980 1196 2052 in
1215 1979 1333 2054 Tran-

208 2102 421 2198 sylvaniam
440 2101 588 2198 legatis,
607 2103 739 2178 foedus
761 2127 841 2179 cum
860 2102 1045 2202 Principe,
1073 2103 1185 2178 certis
1213 2103 1334 2200 iisque

209 2227 382 2302 honestis
399 2228 667 2304 conditionibus
694 2230 863 2316 inierunt,
901 2251 1064 2326 seseque
1092 2236 1130 2304 et
1150 2228 1277 2303 virere
1297 2236 1334 2302 et

209 2355 303 2430 mori
341 2376 421 2428 cum
458 2351 664 2429 Christiani
699 2354 861 2431 foederis
892 2355 1047 2430 ducibus
1075 2351 1334 2451 paratissimos

209 2501 306 2562 esse,
322 2478 468 2555 solenni
485 2479 718 2558 iureiurando
738 2480 882 2577 utrique
907 2475 956 2576 ⁴⁸)
976 2477 1246 2555 confirmarunt.
1274 2479 1335 2554 Ita

209 2605 318 2678 brevi
336 2609 512 2701 tempore,
531 2627 649 2701 eoque
680 2606 779 2703 quod
797 2606 943 2681 minime
964 2606 1121 2680 omnium
1150 2605 1198 2679 ad
1217 2604 1337 2681 defec⁴

210 2729 348 2806 tionem
383 2729 693 2805 accommodatum
722 2731 920 2822 videretur,
946 2739 1025 2805 tres
1044 2753 1119 2805 non
1136 2730 1245 2829 parvi
1262 2755 1337 2806 mo·

210 2856 325 2930 ruenti
354 2855 537 2951 regiones,
559 2855 848 2955 Transylvania,
877 2855 1068 2930 Moldavia
1097 2863 1135 2930 ct
1158 2856 1338 2932 Transal-

209 2980 299 3077 pina
323 2977 520 3072 Valachia,
540 3003 635 3077 quae
654 2981 741 3055 olim
760 2981 947 3077 integram
966 2981 1121 3056 Daciam
1142 2982 1338 3057 constitue-

211 3106 311 3198 bant,
332 3109 476 3182 occnlto
496 3107 654 3204 quodam
682 3106 761 3183 fato
791 3107 839 3180 ab
859 3107 1023 3203 Imperio
1044 3106 1204 3181 Turcico
1224 3106 1340 3180 desei·

210 3242 354 3324 verunt,
374 3242 654 3329 ceterarumque
669 3232 863 3328 regionum
874 3230 1116 3328 Principibus
1126 3252 1198 3306 nou
1208 3254 1338 3330 parum

210 3359 384 3434 momenti
404 3357 452 3434 ad
472 3381 617 3434 sacrum
636 3358 774 3432 bellum
803 3364 934 3433 contra
963 3356 1104 3431 iuratos
1134 3353 1340 3432 Christiani

211 3485 370 3560 nominis
390 3484 519 3561 hostes
537 3483 699 3559 unanimi
718 3482 875 3558 consilio
895 3480 1169 3578 suscipiendum
1187 3483 1266 3557 suis
1290 3478 1340 3580 ⁴⁹)

211 3610 395 3710 exemplis
413 3611 625 3688 attulerunt.

214 4143 425 4154 ——...-...-.-q

321 4215 352 4280 ⁸³)
373 4213 397 4267 E
417 4214 467 4268 ssd
490 4209 615 4265 Koa-ndi
634 4211 724 4266 niues.

321 4305 353 4371 ⁴⁸)
372 4305 457 4357 Koa:
477 4307 648 4358 statuerunt.

321 4393 356 4464 ⁴³)
377 4395 443 4464 ΕΠ.
458 4393 514 4446 eod.
532 4389 674 4448 hibdssu:
693 4393 770 4461 quod

323 4483 356 4554 ⁰⁸)
376 4463 481 4538 hirtsd:
505 4479 658 4538 Buhurest.

325 4575 358 4644 ⁴⁷)
379 4573 483 4644 Eheiy
502 4589 521 4628 s
539 4568 586 4640 46)
601 4569 842 4644 jegyzetsutmtdl
881 4565 994 4622 hezdve
1019 4564 1101 4618 niues
1126 4577 1193 4632 meg
1207 4557 1344 4613 [docenti

323 4663 355 4730 ⁶⁸)
374 4664 459 4716 Koa:
477 4663 610 4731 utrinque

326 4749 360 4818 ⁴⁹)
380 4751 446 4819 Epy.
459 4749 515 4804 cod.
534 4747 658 4804 hibtssn
676 4745 734 4802 fuit

259 4877 378 4920 noers.
388 4871 869 4918 uvsc.n1sr,-scsrsrosnsxvn
1193 4848 1235 4910 10
