3625 5534
474 476 553 554 '258
860 500 909 562 rc.
930 498 1031 549 naon
1049 497 1199 550 assoon

473 673 535 770 qni
554 695 633 747 cum
654 663 913 747 esset'natione
932 672 1064 746 Thrax
1084 672 1217 767 [vulgo
1236 669 1427 768 appellant
1445 667 1599 743 Raecia·

471 799 586 890 num),
605 797 811 894 praeclaris
830 798 1061 896 superiorum
1071 817 1248 871 annornm
1257 794 1486 876 facinoribus
1499 817 1598 889 mag-

472 945 556 1030 uam
593 922 739 998 virtutis
767 922 977 1021 opinionem
1000 922 1074 997 sibi
1097 921 1196 1019 apud
1214 942 1341 995 omnes
1360 941 1598 1017 comparave-

471 1051 541 1119 rat.
581 1048 622 1122 Is
650 1070 732 1122 cum
761 1048 908 1145 reliqua
926 1054 1203 1122 antecursorum
1222 1051 1329 1143 parte
1355 1044 1598 1141 praemissus,

473 1170 640 1266 quamvis
659 1172 823 1248 timidius
851 1195 893 1247 se
923 1195 1031 1269 quam
1060 1170 1235 1246 decuerat
1254 1168 1457 1265 gessisset:
1476 1177 1599 1243 tamen

471 1294 748 1371 cohortantibus
766 1296 1005 1388 nostratibus,
1026 1295 1157 1370 obvios
1168 1315 1334 1392 quosque
1345 1293 1597 1370 Barbarorum

470 1420 509 1495 in
527 1421 653 1516 fugam
672 1422 794 1516 vertit,
814 1446 858 1497 ao
877 1423 1034 1521 primum
1062 1422 1161 1496 iutra
1190 1420 1415 1512 suburbium,
1444 1443 1533 1495 mox
1560 1419 1597 1492 in

471 1545 690 1623 munitiones
710 1549 907 1646 compellit
945 1548 1093 1622 Turbae
1122 1545 1282 1650 desertis
1302 1545 1540 1638 suburbanis,
1560 1552 1596 1619 et

470 1676 545 1744 tam
565 1680 770 1748 commeatu
796 1673 931 1771 raptim
949 1673 1047 1748 intra
1065 1672 1209 1746 moenia
1228 1677 1468 1769 comportato,
1488 1691 1596 1766 quam

471 1792 640 1892 Vngaris
660 1806 698 1873 et
715 1798 927 1892 Rascianis,
955 1799 1018 1895 qui
1045 1821 1113 1897 per
1137 1803 1296 1872 aetatem
1315 1794 1439 1872 idonei
1457 1794 1597 1871 labori-

469 1919 540 1995 bus
568 1923 770 1998 tolerandis
798 1923 1030 2015 videbantur,
1067 1944 1200 2017 magno
1228 1942 1379 1995 numero
1406 1920 1444 1994 iu
1473 1942 1597 1995 arcem

422 2027 425 2032 ’
470 2047 692 2145 compulsis,
730 2056 859 2146 portas
887 2046 1101 2146 occludunt,
1139 2069 1253 2143 seque
1282 2044 1330 2120 ad
1366 2046 1597 2122 tolerandam

470 2171 701 2248 obsidionem
718 2196 852 2270 magno
872 2174 994 2249 animo
1013 2179 1251 2271 praeparant.
1280 2173 1418 2264 Nostri,
1438 2171 1594 2269 direptis

471 2425 651 2520 excussis,
671 2424 805 2500 idonea
824 2426 961 2500 castris
989 2426 1073 2502 loca
1092 2425 1253 2522 capiunt,
1284 2431 1321 2497 et
1339 2431 1467 2498 eontra
1487 2444 1594 2518 erup·

469 2547 589 2622 tiones
606 2548 763 2625 hostiles
782 2549 981 2647 diligenter
994 2572 1035 2624 se
1045 2547 1313 2647 praemuniunt.
1333 2545 1593 2645 Affnitpostea

469 2668 652 2769 Princeps
672 2694 816 2770 quoqne
835 2697 916 2749 cum
934 2673 1119 2749 universis
1139 2672 1255 2770 copiis
1275 2671 1354 2747 sole
1364 2671 1411 2746 ad
1420 2693 1593 2748 occasum

470 2804 658 2893 vergente,
678 2805 814 2872 etcum
833 2807 950 2875 totam
967 2799 1095 2874 urbem
1114 2798 1275 2895 undique
1292 2804 1445 2896 propter
1464 2797 1594 2897 ampli·
1734 2841 1735 2850 κ

469 2920 632 2997 tudinem
651 2921 843 2998 obsidione
863 2922 962 3018 cingi
989 2946 1062 2999 non
1085 2943 1201 3020 posse
1219 2921 1379 2995 rideret:
1407 2921 1503 2996 hano
1521 2919 1594 2996 sibi
1734 2945 1735 2966 ι

469 3047 801 3125 commodissimam
820 3049 911 3124 belli
929 3048 1108 3123 rationem
1127 3046 1303 3121 indicavit
1316 3047 1415 3123 lore:
1435 3053 1592 3145 utprae·

474 3173 584 3272 cipua
601 3174 705 3251 urbis
724 3174 808 3249 loca
835 3173 952 3249 ternis
980 3173 1114 3249 castris
1142 3171 1438 3264 circumduceret,
1467 3180 1505 3247 et
1531 3173 1594 3246 tri-

470 3298 541 3374 bus
560 3321 607 3374 ex
624 3301 793 3398 partibus
811 3322 1000 3398 aggerem,
1019 3299 1222 3395 vineasque
1240 3296 1289 3373 ad
1306 3297 1479 3396 oppidum
1500 3320 1591 3395 agc-

471 3429 541 3499 ret.
575 3426 707 3522 Itaque
726 3427 885 3502 statione
904 3425 1098 3520 unicnique
1128 3424 1256 3498 ducum
1284 3423 1490 3520 assignata,
1517 3429 1591 3498 tor·

472 3548 677 3647 mentisque
695 3550 766 3626 rite
786 3549 988 3648 dispositis,
1018 3548 1139 3646 coepit
1167 3548 1297 3624 eadem
1323 3548 1407 3647 ipsa
1425 3556 1535 3624 nocte
1554 3548 1591 3622 in

470 3696 592 3751 muros
619 3674 800 3768 intonare,
826 3683 932 3751 tanta
960 3665 1190 3766 assiduitate,
1218 3680 1259 3747 ut
1286 3673 1446 3771 quinque
1476 3673 1590 3748 conti·

470 3821 563 3875 nuos
583 3799 662 3876 dies
682 3825 728 3876 ea
746 3799 952 3877 fulminatio
972 3798 1171 3875 duraverit.
1192 3797 1275 3889 Qua
1292 3800 1591 3892 reeffectumest,

468 3931 509 4000 ut
527 3925 645 4000 muris
672 3926 749 4002 late
769 3926 899 4000 dirutis
919 3923 1063 4023 amplus
1087 3924 1161 3998 iam
1179 3923 1216 3998 in
1235 3925 1362 3999 urbem
1381 3924 1504 4000 aditus
1522 3947 1591 4024 per
1734 3927 1735 4020 ,

468 4050 594 4125 ruinas
613 4051 855 4148 panderetur:
875 4051 944 4125 sed
961 4050 1054 4124 tanti
1073 4056 1178 4125 erant
1187 4049 1386 4147 antiquitus
1404 4051 1442 4124 in
1454 4050 1590 4149 oppido

466 4167 626 4249 omnium
652 4199 774 4251 rerum
801 4176 850 4250 ad
866 4175 1003 4250 bellum
1024 4183 1239 4272 apparatus,
1265 4181 1369 4250 tanta
1396 4174 1591 4251 multitudo

467 4306 742 4396 tormentorum,
759 4306 864 4376 tanta
883 4299 1040 4396 denique
1066 4303 1382 4396 propugnatorum
1401 4298 1591 4398 alacritas,

465 4432 506 4499 ut
524 4425 700 4523 quidquid
718 4425 835 4501 nostri
855 4447 876 4500 e
893 4423 1007 4500 muris
1035 4421 1194 4498 interdiu
1223 4421 1420 4516 diruerent,
1448 4425 1488 4499 id
1513 4449 1590 4502 ma·

466 4548 575 4625 rimis
603 4550 763 4626 Barbari
800 4549 975 4649 operibus
1012 4554 1122 4624 noctu
1146 4549 1382 4654 resarcirent.
1422 4547 1589 4628 Crebrae
1734 4537 1735 4566 ³

465 4673 576 4753 etiam
611 4699 679 4774 per
706 4675 906 4754 Janiaaros
949 4675 1161 4772 eruptiones
1188 4674 1328 4750 fiebant
1364 4698 1409 4750 ex
1440 4676 1588 4774 oppido,
