3625 5534
471 505 475 512 .
536 445 614 520 220
936 467 985 517 ro.
1005 466 1106 517 ouon
1125 468 1273 519 nruovn

525 643 692 742 privatus
712 641 843 732 fuerat,
867 642 987 716 locum
1006 664 1135 716 rursus
1163 641 1244 717 iure
1262 635 1480 740 postliminii
1505 665 1636 742 repone·

525 775 636 844 retur.
683 765 748 841 Ali
775 765 906 860 igitur
922 766 1050 840 Bassa
1078 767 1295 863 Tergovisti
1322 768 1511 864 praesidio
1546 789 1634 866 prae-

522 895 652 986 fectus,
672 892 808 992 partim
826 900 867 967 ut
886 891 999 966 saluti
1019 915 1110 969 suae
1121 915 1323 969 suorumve
1333 895 1550 984 consuleret
1566 917 1634 992 par-
1721 896 1722 901 ‘

522 1022 587 1095 tim
604 1043 694 1096 vero
713 1027 754 1094 ut
779 1015 1057 1094 reconcilianda
1075 1016 1259 1094 Caesaris
1289 1019 1415 1115 gratia
1435 1018 1579 1116 dignum
1601 1042 1634 1093 ae
1721 1040 1722 1105 l

522 1151 744 1244 praestaret,
773 1143 866 1218 uibil
885 1167 1011 1219 eornm
1031 1145 1237 1237 omittebat,
1277 1167 1373 1241 quae
1404 1145 1452 1220 ad
1483 1145 1634 1221 tuendam
1721 1128 1722 1143 ¹

521 1271 615 1346 tanti
632 1271 806 1346 momenti
825 1293 949 1345 arcem
958 1270 1148 1369 pertinere
1165 1270 1399 1346 videbantur.
1419 1270 1465 1346 Id
1478 1291 1632 1346 cumnos
1721 1336 1722 1341 l

520 1395 570 1471 tri
587 1395 779 1489 vidissent
816 1419 886 1471 nec
906 1403 1174 1473 tormentorum
1197 1396 1333 1470 ictibus
1361 1402 1491 1471 tantae
1519 1396 1634 1472 crassi-

520 1521 585 1597 tiei
612 1544 774 1619 aggeres
793 1521 981 1621 perrumpi
1001 1543 1115 1621 posse
1139 1521 1357 1613 iudicarent,
1386 1519 1562 1598 Albertus
1579 1521 1636 1596 Ki-

521 1647 603 1742 rali,
626 1648 701 1723 iam
718 1648 861 1747 pridem
878 1647 979 1724 bello
1004 1649 1089 1724 Mos
1098 1647 1283 1723 ebovitico
1304 1646 1467 1740 edoctus,
1486 1647 1635 1723 incendio
1721 1648 1722 1663 ¹

519 1796 613 1873 opus
632 1796 718 1849 esse
738 1776 933 1866 exclamat,
957 1773 1060 1871 quod
1079 1773 1112 1848 si
1134 1773 1217 1871 quis
1237 1773 1444 1870 aggeribus
1464 1773 1583 1873 oppidi
1591 1771 1635 1846 in-

521 1901 628 1992 ieret‚
664 1899 870 1977 nobilitatis
899 1923 943 1976 se
961 1902 1044 1975 iura
1064 1898 1099 1976 ei
1118 1922 1202 1975 cum
1230 1906 1332 1973 certo
1359 1900 1565 1975 colonorum
1580 1921 1636 1972 nu·
1721 1906 1722 1909 ‘

523 2050 624 2104 mero
652 2052 677 2102 a
695 2025 869 2126 Principe
897 2027 1180 2126 impetraturum
1206 2025 1401 2125 promittit.
1443 2025 1637 2100 Assenserc

522 2154 556 2228 ei
575 2154 783 2250 complures
804 2151 1021 2250 Siculorum,
1050 2161 1087 2228 et
1107 2153 1220 2251 paulo
1239 2159 1328 2251 post
1346 2152 1440 2251 solis
1468 2172 1634 2244 occasum,

522 2283 591 2358 snb
621 2282 877 2381 crepusculum
905 2283 1158 2382 vespertinum
1195 2289 1307 2380 atque
1334 2280 1494 2380 primam
1519 2282 1636 2365 lacem,

521 2407 610 2483 luna
620 2406 828 2484 clarissima
839 2408 962 2483 omnia
972 2406 1194 2500 illustrante,
1215 2407 1443 2503 aetheraque
1463 2407 1543 2506 ipso
1559 2427 1637 2480 nos·

521 2533 590 2607 tris
609 2532 799 2626 militante,
828 2556 952 2610 muros
981 2534 1153 2627 subeunt,
1185 2539 1223 2607 et
1242 2530 1422 2608 adhibitis
1441 2532 1550 2608 rebus
1571 2555 1636 2608 om·

521 2659 630 2734 nibus
660 2657 735 2732 iam
762 2661 938 2748 antesin
966 2682 1034 2736 eos
1062 2680 1155 2735 usus
1174 2658 1319 2757 paratis
1347 2681 1513 2755 aggeres
1529 2658 1636 2732 ineen-
1721 2746 1722 2751 Ν

522 2785 621 2859 dunt
651 2779 875 2881 Oo‘rripuere
903 2784 1027 2881 ignem
1055 2784 1172 2860 facile
1201 2783 1378 2881 virgulta,
1417 2807 1512 2881 quae
1538 2807 1580 2858 ex
1597 2805 1637 2856 ea
1721 2824 1722 2829 Ν

520 2916 628 3009 parte
655 2908 825 3000 nondum,
854 2910 951 2986 bono
980 2918 1123 3004 nostro,
1151 2910 1301 2986 fuerant
1330 2932 1447 2987 coeno
1477 2913 1635 3006 calceque

519 3037 735 3112 incrustata.
772 3035 832 3111 Ita
859 3046 1034 3135 serpente
1062 3036 1175 3113 latius
1211 3034 1393 3126 incendio,
1430 3059 1514 3112 cum
1552 3051 1632 3134 prae

517 3160 680 3238 assiduis
716 3169 926 3238 nostrorum
956 3161 1292 3252 eiaculationibus,
1330 3161 1467 3258 quibus
1503 3161 1540 3236 iu
1565 3179 1636 3233 eam

517 3293 662 3386 partem
689 3286 970 3381 grassabantur,
991 3287 1160 3362 ¹Barbari
1192 3285 1438 3383 nequicquam
1473 3284 1561 3361 illud
1587 3304 1636 3357 re·

518 3411 708 3506 stinguere
736 3413 858 3488 eonati
885 3413 1053 3505 luissent,
1100 3412 1246 3508 magnis
1274 3411 1390 3487 ruinis
1429 3411 1636 3490 munitiones

520 3537 710 3638 disruptae
728 3538 884 3615 fuerunt.
922 3540 997 3616 Hic
1019 3564 1107 3617 vero
1137 3562 1211 3615 non
1229 3561 1382 3639 possum
1392 3539 1529 3615 tacitus
1537 3559 1636 3638 prae

517 3663 632 3740 terire
660 3664 862 3760 singularis
890 3690 915 3741 a
933 3666 1108 3765 Principe
1142 3664 1383 3762 gratitudinis
1411 3688 1505 3762 erga
1529 3665 1637 3740 Deum

518 3813 587 3890 pro
616 3812 795 3867 concessa
822 3791 979 3866 victoria
1018 3794 1229 3891 exemplum
1275 3799 1431 3868 aeterna
1476 3784 1640 3867 memoria

519 3917 784 4015 dignissimum.
823 3915 989 3995 Simulac
1009 3918 1105 3994 enim
1124 3919 1335 3995 nunciatum
1354 3925 1413 3995 est
1433 3918 1479 4010 ei,
1503 3923 1640 4015 captum

519 4065 604 4120 esse
633 4045 921 4142 Tergovistum,
960 4044 1105 4142 ingenti
1145 4048 1272 4122 statim
1300 4045 1436 4144 gaudio
1475 4045 1638 4140 perfusus

520 4192 617 4273 equo
646 4171 805 4264 dissiliit,
834 4171 1044 4269 ceterisque
1071 4171 1168 4246 idem
1196 4172 1322 4247 facere
1348 4171 1469 4262 iussit,
1497 4194 1542 4245 ac
1563 4164 1640 4241 fixis

518 4293 618 4370 humi
637 4294 795 4391 genibus
815 4295 989 4372 ardentes
1009 4297 1092 4372 Deo
1120 4303 1179 4370 ter
1199 4281 1349 4395 Optimo
1379 4296 1544 4371 Maximo
1562 4315 1639 4390 gra-

518 4418 593 4496 tias
626 4420 713 4518 egit‚
751 4426 853 4497 tanto
882 4429 988 4498 certe
1018 4421 1102 4497 zelo
1121 4445 1167 4497 ac
1184 4422 1343 4516 fervore,
1370 4430 1411 4496 ut
1438 4443 1519 4496 cum
1536 4414 1641 4494 finitis

519 4545 691 4641 precibus
711 4547 939 4623 surrexisset
960 4555 1101 4623 eterra
1130 4571 1334 4646 equumque
1363 4545 1641 4628 conscendisset

518 4680 594 4746 tum
613 4668 757 4746 demum
785 4671 1055 4766 animadvertit,
1083 4670 1223 4771 pileum
1252 4695 1294 4746 se
1313 4673 1412 4748 humi
1441 4669 1642 4769 reliquisse,
