3625 5534
667 499 708 566 ds
730 500 872 568 nussia
1231 497 1338 564 XLIII

226 693 351 762 runtnr.
380 683 472 762 Oum
500 685 596 760 enim
614 685 944 761 eruditissimorum
965 706 1193 782 quorumque
1211 683 1338 759 autho-

225 833 306 902 rum,
322 821 397 886 tam
416 833 615 901 sacrorum,
634 835 743 910 quam
769 811 1054 911 prophanorum,
1073 812 1162 887 item
1180 820 1257 886 tam
1275 834 1337 886 ve·

224 947 328 1014 terum
347 959 457 1036 qnam
466 938 712 1014 recentiorum
721 938 863 1038 scripta
880 939 1059 1038 plurimis,
1078 939 1203 1036 iique
1212 937 1339 1034 aenig-

223 1064 381 1140 maticum
401 1064 572 1164 quiddam
600 1065 835 1158 habentibus,
866 1066 1016 1164 adagiis
1035 1065 1111 1143 siut
1137 1064 1338 1142 refertissi-

223 1215 297 1268 ma:
317 1213 454 1289 quaeso
473 1191 919 1291 quispoteriteavelipse
937 1192 1157 1291 intelligere,
1176 1193 1236 1267 vel
1251 1191 1338 1266 aliis

222 1315 457 1415 interpretari,
486 1317 519 1392 si
537 1316 577 1392 in
595 1316 742 1417 adagiis
769 1327 870 1394 recte
890 1318 1159 1414 cognoscendis
1177 1315 1334 1394 familia-

221 1445 304 1521 riter
320 1452 489 1521 versatus
508 1468 582 1522 non
599 1444 738 1522 fuerit?
765 1444 994 1522 Praesertim
1013 1469 1094 1522 cum
1113 1445 1236 1522 idonei
1257 1445 1334 1542 qui-

222 1593 285 1670 que
302 1569 511 1670 Scriptores
538 1572 598 1649 vel
616 1572 732 1648 tacite
758 1571 807 1648 ad
826 1573 1062 1670 proverbium
1080 1571 1256 1662 alludant,
1276 1571 1337 1646 vel

220 1721 260 1773 ex
284 1697 438 1794 abrupto
474 1699 650 1790 inserant,
692 1720 955 1796 nonnunquam
991 1699 1102 1776 etiam
1144 1695 1335 1776 mutilatim

223 1825 337 1902 citent
356 1823 552 1924 aliquoties
572 1825 730 1923 denique
747 1813 1046 1902 mricoduntaxat
1063 1826 1179 1902 verbo
1197 1830 1334 1906 notent.

322 1950 409 2027 Non
428 1951 499 2027 abs
515 1973 557 2027 re
571 1951 845 2030 commendatur
862 1951 1226 2051 itaqueAdagiorum
1244 1952 1336 2026 Era

218 2077 281 2150 smi
299 2099 391 2176 opus
409 2083 465 2152 tot
483 2076 710 2154 eruditorum
738 2077 923 2171 encomiis,
953 2078 1006 2155 ita
1023 2077 1145 2155 otalii
1167 2077 1333 2175 logothe-

218 2227 289 2280 cam
316 2205 516 2297 Minervae,
554 2205 619 2282 alii
648 2204 823 2282 Mercurii
861 2205 1030 2297 salinum,
1068 2204 1166 2303 quod
1193 2204 1332 2302 logium

217 2332 303 2408 alias
338 2333 490 2422 dicitur,
529 2332 594 2409 alii
630 2332 786 2431 denique
822 2330 970 2409 Suadae
1005 2332 1202 2408 medullam
1237 2329 1331 2406 illud

216 2459 436 2555 appellarint.
456 2455 567 2535 Certe
597 2459 692 2535 enim
720 2481 793 2536 non
811 2459 992 2536 immerite
1011 2457 1189 2535 iudicavit
1206 2455 1328 2533 Ludo·
1435 2505 1439 2512 -

217 2585 309 2662 ricus
337 2586 453 2663 Vives
473 2583 544 2663 hoc
562 2585 669 2686 Opus
697 2585 929 2684 Adagiornm
956 2583 1037 2662 dies
1065 2594 1177 2683 atque
1201 2591 1330 2659 noctes

217 2733 292 2787 esse
310 2713 357 2788 ab
375 2711 543 2788 omnibns
555 2711 762 2810 legendum,
782 2721 936 2812 propter
955 2734 1133 2789 summam
1151 2719 1189 2787 et
1207 2730 1329 2785 rerum

216 2847 247 2914 et
262 2841 453 2916 verborum
481 2840 634 2939 copiam,
664 2839 800 2938 quippe
831 2839 869 2915 in
888 2863 961 2938 qno
981 2838 1095 2916 veluti
1113 2837 1152 2912 in
1169 2837 1328 2911 taberna

216 2965 362 3063 quadam
381 2965 621 3065 amplissima,
649 2989 731 3042 cnm
749 2965 907 3042 aliarum
926 2965 1185 3065 plerarumque
1210 2961 1327 3037 scien-

215 3091 347 3184 tiarum,
364 3099 440 3168 tum
459 3092 497 3168 in
515 3093 645 3192 primis
671 3091 845 3168 Poeticae
864 3115 910 3168 ac
935 3090 1140 3168 Oratoriae
1158 3087 1252 3164 artis
1269 3110 1327 3163 or·

213 3227 372 3296 namcuta
399 3217 524 3295 omnia
550 3216 810 3296 decentissime
829 3217 978 3313 digesta
1004 3214 1171 3292 invenire
1189 3213 1325 3312 possis.

310 3343 413 3438 Quae
433 3367 514 3420 cum
532 3344 587 3421 ita
600 3345 692 3422 sint:
713 3367 828 3444 saepe
847 3345 975 3444 optavi
994 3368 1041 3418 ex
1052 3343 1193 3419 nostris
1210 3340 1325 3416 homi·

212 3472 311 3548 nibus
336 3471 492 3548 inveniri
522 3469 693 3570 aliquem,
730 3471 793 3571 qui
821 3472 963 3549 usitata
998 3471 1147 3568 linguae
1174 3475 1325 3545 nostrae

212 3598 397 3695 proverbia
414 3621 497 3674 cum
515 3599 663 3696 graecis
695 3605 806 3697 atque
824 3598 951 3676 latinis
978 3597 1175 3682 conferret
1193 3605 1231 3672 et
1258 3594 1324 3670 ali-

212 3747 274 3821 quo
284 3733 392 3823 gustu
411 3723 520 3800 huius
529 3725 648 3824 partis
664 3724 898 3822 Philologiae
917 3725 1093 3818 exhibito,
1113 3745 1219 3800 usum
1236 3744 1324 3820 pro·

211 3851 407 3928 verbiorum
444 3851 666 3928 ostenderet.
704 3851 754 3926 Et
776 3851 922 3950 quidem
942 3852 1090 3928 memini
1125 3846 1320 3926 Nicolaum

211 3973 412 4054 Sikliosinm
432 3976 566 4052 beatae
586 3977 793 4068 memoriae,
813 3979 982 4076 aliosque
1009 3979 1203 4056 nonnullos
1219 3973 1320 4049 viros

212 4125 346 4196 mares,
375 4102 439 4202 qui
457 4103 531 4178 iam
559 4103 597 4179 in
624 4103 784 4181 Domino
812 4104 1096 4196 obdormierunt,
1124 4103 1218 4178 hanc
1235 4123 1320 4178 ean-

210 4227 281 4304 dem
308 4228 534 4329 provinciam
563 4253 699 4328 magna
716 4252 797 4307 cum
829 4232 1086 4331 expectatione
1113 4251 1319 4328 aggressos

208 4377 293 4430 esse.
330 4353 493 4448 Quorum
512 4356 671 4432 virorum
691 4357 725 4432 si
744 4358 893 4433 labores
921 4364 1100 4449 extarent,
1119 4354 1226 4432 nobis
1244 4379 1317 4432 non

207 4479 326 4558 luisset
352 4502 509 4558 necesse
535 4503 607 4558 non
635 4482 714 4558 sine
744 4484 869 4582 aliquo
893 4485 1028 4560 sudore
1054 4484 1152 4560 hanc
1170 4482 1314 4582 provin·

208 4606 288 4682 dam
314 4607 515 4708 suscipere,
552 4618 616 4686 aut
643 4618 743 4687 certe
775 4620 987 4710 susceptam
1013 4615 1147 4690 saltem
1173 4610 1313 4689 maiore

209 4753 277 4812 eum
293 4735 401 4816 laude
418 4736 708 4818 administraturi
729 4761 886 4818 eramus.
