3625 5534
463 521 512 572 nn
530 520 613 573 nna.
634 519 719 574 vro.
737 518 820 571 unc.
839 520 874 570 x.
894 520 928 572 u.
950 519 985 573 x
1240 497 1319 579 2⁷5

182 705 448 803 relinquerent
471 703 622 781 Nullum
642 705 736 779 euim
757 712 814 780 est
833 702 992 797 dubium,
1023 704 1113 802 quin
1140 705 1321 781 aviditate

182 832 284 908 lucri
304 829 509 910 Christiani
528 832 653 909 statim
672 831 806 925 allecti,
827 834 964 910 omisso
986 832 1137 931 praelio,
1167 832 1215 909 ad
1234 833 1317 908 diri·

182 958 364 1056 piendam
381 961 558 1059 praedam
577 968 776 1050 vertantur,
789 962 833 1033 'in
854 983 972 1058 eaque
983 959 1194 1058 colligenda
1217 983 1320 1035 occu-

183 1085 280 1183 pati,
309 1110 378 1162 nec
398 1088 604 1186 opinantes,
623 1111 696 1162 non
716 1086 914 1162 difficulter
941 1087 1091 1162 anobis
1111 1087 1317 1186 oppriman-

182 1219 259 1288 tur.
281 1211 427 1289 Placuit
445 1221 606 1289 astutum
626 1215 725 1288 senis
764 1214 955 1289 eonsilium
984 1214 1120 1289 ceteris
1140 1236 1317 1312 purpura-

181 1339 246 1414 tis.
269 1339 401 1436 Itaque
412 1340 563 1415 dimisso
583 1339 789 1414 Zolnokum
800 1336 977 1430 Caesare,
997 1341 1113 1414 aciem
1124 1341 1318 1430 instruunt,

183 1465 401 1563 quingentis
420 1466 567 1541 circiter
587 1462 641 1566 (ut
667 1467 740 1565 ipsi
768 1461 885 1564 aiunt)
906 1473 1129 1541 armatorum
1157 1467 1318 1542 millibus

187 1592 427 1690 completam,
448 1598 485 1667 et
505 1615 614 1688 quum
634 1592 680 1667 ab
701 1592 999 1688 exploratoribus
1031 1593 1263 1691 accepissent
1281 1593 1319 1667 in

185 1719 718 1818 campisKercsztesiensibus
731 1717 966 1795 Christianos
987 1729 1112 1796 castra
1130 1721 1317 1816 posuisse,

186 1866 233 1920 eo
267 1867 349 1919 cum
377 1845 545 1920 omnibus
588 1845 705 1944 copiis
732 1846 786 1920 ire
811 1854 988 1922 statuunt.
1028 1845 1103 1922 Sed
1121 1855 1316 1944 antequam

184 1970 355 2078 Barbari
401 1992 444 2044 eo
490 1971 782 2067 pervenissent,
832 1970 1091 2068 Sigismundus
1137 1971 1316 2070 Princeps

183 2119 274 2172 cum
294 2098 605 2196 Transylvanicis
626 2099 742 2197 copiis
762 2100 879 2174 rivum
909 2101 1009 2174 illum
1028 2099 1192 2191 fatalem,
1212 2099 1315 2174 cuius

182 2225 304 2324 paulo
324 2246 436 2323 supra
454 2226 692 2315 meminimus,
721 2226 792 2300 hoc
811 2225 931 2299 animo
952 2227 1160 2316 traiecerat,
1188 2233 1228 2300 ut
1254 2249 1315 2300 ex-

182 2350 352 2450 peditius
371 2373 452 2425 cum
462 2351 641 2426 Barbaris
660 2374 789 2426 manus
809 2353 1127 2451 conseriposseut.
1151 2349 1225 2426 Sed
1236 2374 1315 2426 cum

183 2476 469 2552 Maximilianus
488 2473 762 2574 sigismundum
782 2479 887 2574 sequi
916 2485 1139 2568 recusasset,
1169 2501 1236 2553 nec
1263 2486 1316 2554 te·

183 2625 293 2678 mere
311 2601 622 2699 progrediendum
652 2605 817 2695 dixisset,
843 2605 1039 2699 transfuga
1059 2626 1124 2679 eos
1153 2611 1314 2680 terrente

182 2737 223 2804 et
254 2729 331 2804 iam
349 2726 551 2805 Caesarem
580 2731 773 2825 affuturum
801 2732 1017 2824 nunciante,
1056 2730 1338 2826 Sigismundus'

183 2876 339 2955 quoque
358 2854 396 2928 in
413 2855 543 2953 priora
561 2863 686 2931 castra
705 2856 843 2932 reverti
854 2879 934 2932 cum
946 2856 1023 2933 suis
1035 2856 1256 2948 debuitQua
1275 2882 1316 2932 re

182 2985 236 3059 ab
261 2982 559 3079 exploratoribus
592 2991 629 3058 ct
647 2983 855 3078 transfugis
874 2984 1035 3080 cognita,
1067 2991 1103 3058 et
1127 3006 1194 3082 pro
1214 2982 1316 3057 timo-

180 3111 241 3186 ris
272 3110 541 3208 signihcatione
561 3120 724 3211 accepta,
743 3113 903 3188 Barbari
932 3137 977 3188 eo
1006 3112 1206 3187 animosius
1234 3135 1316 3211 pro·

181 3237 416 3336 grediuntur‚
436 3247 473 3313 et
491 3238 549 3314 die
569 3238 681 3323 Iovis,
701 3240 762 3336 qui
782 3248 862 3313 erat
880 3237 1108 3314 XXIVdies
1128 3236 1315 3324 Octobris,

181 3389 263 3442 non
281 3363 413 3463 procul
431 3389 455 3438 a
473 3364 611 3439 nostris
631 3373 756 3440 castra
774 3373 990 3464 posuerunt,
1009 3371 1110 3440 tanto
1130 3371 1314 3440 oumstre-

182 3496 270 3594 pitu
299 3515 493 3582 armorum,
523 3492 668 3567 iremitu
697 3515 881 3590 equorum,
912 3494 1032 3568 sonitu
1060 3493 1254 3586 hominum,
1274 3501 1313 3568 ut

183 3621 312 3696 instar
329 3618 537 3694 horrendae
556 3618 845 3717 nigricantisque
873 3621 1063 3696 cuiusdam
1084 3621 1315 3719 tempestatis

183 3747 396 3824 adventare
414 3753 451 3820 et
469 3769 620 3843 campos
639 3769 766 3821 omncs
791 3747 1027 3824 circumcirca
1048 3749 1200 3822 armatis
1219 3768 1314 3819 com·

181 3875 294 3972 plere
305 3871 525 3947 viderentur.
555 3870 662 3948 Vnde
673 3873 770 3948 haud
785 3897 914 3972 parum
927 3875 1088 3973 stuporis
1100 3871 1314 3948 Christiano

183 3999 371 4076 exercitui
389 3997 641 4090 incusserant,
670 3998 805 4097 qnippe
834 4000 895 4096 qni
925 4023 970 4073 ne
1000 3998 1144 4073 tertiam
1171 3997 1315 4095 quidem

183 4127 443 4204 Barbarorum
470 4135 612 4224 partem
641 4150 791 4201 numero
825 4126 1084 4222 adaequarent.
1126 4123 1316 4223 Quumque

181 4257 290 4333 iutra
319 4253 469 4329 LXXX
496 4277 611 4329 annos
649 4277 776 4330 manus
806 4251 1009 4329 Christiani
1040 4275 1119 4328 cum
1149 4249 1314 4328 Caesare

183 4383 399 4458 'Purcarum
416 4404 490 4457 nou
508 4383 793 4472 conseruissent,
816 4389 853 4455 et
870 4379 1073 4455 insolentes
1094 4377 1214 4455 adhuc
1233 4388 1311 4455 tau-

181 4516 312 4587 tarum
357 4507 542 4606 copiarum
589 4518 731 4598 essent,
780 4507 851 4581 dici
888 4529 960 4580 non
989 4512 1130 4604 potest,
1179 4515 1314 4603 quanto

183 4660 273 4712 cum
291 4635 446 4710 horrore
466 4643 552 4710 tuuc
579 4635 789 4711 innumeras
817 4655 932 4733 prope
954 4635 1157 4709 Turcarum
1187 4634 1314 4732 copias

184 4760 466 4862 conspexerint.
494 4762 575 4838 Nec
601 4769 723 4837 tamen
751 4784 817 4839 eos
845 4761 980 4838 deiecit
999 4760 1110 4839 animi
1128 4759 1312 4837 fortitudo.

1094 4899 1155 4968 18·
