3625 5534
483 562 531 614 aa
550 565 631 616 nnn.
651 562 735 617 vus.
754 562 900 617 naam.
920 567 953 616 n.
976 567 999 619 1.
1248 537 1326 619 301

200 736 298 833 quod
325 745 521 836 postquam
550 735 809 834 Sigismundus
831 740 1011 840 Princeps
1039 711 1134 815 forte
1173 765 1193 815 e
1230 741 1328 816 vivis

198 864 395 957 excedens,
416 864 628 962 qnodDeus
648 873 846 959 averteret,
866 875 929 942 aut
948 867 1023 943 alia
1043 867 1321 964 aliquaratione

198 990 353 1087 imperio
384 992 683 1089 Trausylvaniae
712 1015 754 1067 se
783 993 1023 1086 abdicaverit,
1054 995 1218 1092 plenarie
1248 1016 1328 1070 ces·

196 1116 298 1208 serit,
318 1125 355 1191 et
365 1115 586 1214 Imperatori
594 1139 676 1191 eam
690 1118 951 1214 resignaverit,
961 1119 1011 1194 ad
1028 1119 1137 1216 idque
1155 1120 1320 1196 universi
1444 1191 1452 1206 ,

200 1237 1328 1338 TransylvaniaeStatnsatqueOrdinessolenniinreiurando‚

199 1372 461 1462 spontaneum,
488 1365 659 1455 liberum,
689 1373 725 1440 et
752 1365 974 1441 benevolum
1002 1369 1243 1465 praebuerint
1271 1392 1330 1444 as·
1364 1403 1365 1411 ,

200 1511 372 1564 sensum:
399 1499 474 1566 tum
493 1491 865 1590 Imperatorquoque
893 1494 975 1592 ipse
1004 1494 1042 1568 in
1061 1494 1329 1591 gubernatione

199 1613 500 1716 Transylvaniae
529 1614 661 1691 iisdem
690 1617 914 1694 consiliariis
950 1626 1084 1694 utetur.
1125 1619 1330 1716 Privilegia

199 1741 334 1832 omnia,
362 1741 454 1832 iura,
483 1741 652 1834 ordines,
682 1743 940 1836 immunitates,
970 1743 1176 1837 libertates,
1207 1752 1328 1820 status

199 1866 432 1959 donationes,
462 1875 500 1941 et
526 1868 672 1965 reliqua
699 1869 821 1945 omnia
845 1870 1071 1960 observabit,
1102 1895 1148 1945 ac
1166 1880 1250 1946 rata
1268 1873 1329 1947 fir·

196 2016 331 2091 maquc
369 1993 532 2069 habebit.
595 1993 787 2072 Officiales
835 1998 1057 2095 praecipuos
1113 1999 1328 2096 provinciae

195 2119 375 2216 Vagaros
403 2120 567 2196 habebit.
613 2121 821 2218 Religionis
855 2124 1044 2220 negotium
1072 2123 1110 2198 in
1140 2126 1328 2220 praesenti

201 2253 303 2321 statu
320 2247 424 2322 iuxta
444 2246 624 2322 articulos
646 2248 872 2346 provinciae,
901 2271 946 2324 eo
975 2257 1139 2347 tempore
1168 2272 1240 2347 quo
1270 2273 1326 2326 re-

195 2369 323 2447 belles
342 2379 428 2448 suut
447 2372 690 2467 condemnati,
710 2382 748 2449 et
766 2375 1007 2471 sequentibus
1019 2372 1190 2451 Comitiis
1209 2397 1327 2473 usque

197 2495 335 2574 adhoc
362 2506 508 2596 tempus
535 2498 668 2591 editos,
687 2500 881 2597 relinquet,
910 2501 1020 2598 idque
1047 2502 1154 2600 ipsos
1182 2524 1327 2598 quoque

195 2623 366 2700 omnibns
399 2625 543 2700 viribus
578 2623 656 2700 suis
685 2626 908 2724 Imperatori
938 2628 1181 2702 consulturos.
1219 2627 1326 2704 Haeo

195 2753 295 2828 ultro
324 2751 488 2850 citroque
517 2751 648 2845 iurata,
680 2777 723 2828 ac
750 2753 912 2851 publicis
941 2754 1081 2830 tabulis
1102 2755 1323 2850 consignata

196 2886 292 2972 sunt,
323 2886 434 2974 atque
462 2876 618 2953 Alberto
647 2875 796 2976 Seuveg
823 2879 946 2978 Regio
974 2881 1090 2956 ludici
1120 2878 1257 2957 Oibiuii
1284 2881 1322 2954 in

197 3004 361 3081 archivis
389 3002 622 3079 asservanda
649 3003 789 3079 tradita
820 3005 945 3097 fuere,
983 3027 1057 3080 una
1085 3027 1165 3080 cum
1191 3005 1321 3096 literis,

195 3153 290 3230 quas
310 3130 516 3228 Imperator
542 3122 631 3203 fidei
650 3129 806 3225 Legatis
823 3128 1018 3205 habendae
1038 3130 1161 3226 gratia
1180 3129 1230 3206 ad
1251 3127 1321 3204 Or·

195 3257 300 3332 dines
319 3254 483 3332 dederat.
523 3255 568 3328 In
595 3255 643 3329 iis
671 3255 868 3350 significat,
898 3279 1008 3353 quam
1038 3256 1219 3331 sollicitas
1239 3255 1320 3354 ipse

195 3405 275 3458 oum
296 3379 534 3477 Sigismundo
553 3379 728 3477 Principe
757 3381 899 3478 aliquot
916 3381 990 3457 iam
1008 3381 1116 3456 annis
1137 3379 1316 3458 delibera·

194 3508 314 3584 tiones
333 3506 507 3584 habuerit
534 3506 581 3582 de
609 3507 730 3583 salute
754 3532 799 3582 ao
827 3507 1078 3583 incolumitate
1106 3508 1214 3584 huius
1237 3533 1321 3608 pro-

197 3635 341 3711 vinciae
359 3633 603 3734 procuranda,
623 3633 725 3708 cuins
743 3634 801 3708 rei
819 3642 860 3710 ut
876 3634 1042 3709 firmiora
1059 3641 1214 3732 possent
1240 3635 1320 3710 fuu-

195 3761 370 3839 damenta
387 3762 485 3860 poni,
506 3768 630 3837 certas
646 3783 687 3836 se
707 3785 789 3837 cum
809 3759 1049 3858 sigismundo
1068 3761 1239 3858 Principe
1259 3785 1318 3836 ra-

194 3889 316 3964 tiones
344 3887 520 3981 inivisse,
558 3896 595 3963 ct
625 3888 672 3963 ad
701 3910 767 3963 eas
796 3887 1061 3984 transigendas
1089 3885 1210 3984 plenis
1239 3908 1319 3961 cum

194 4014 377 4091 mandatis
395 4014 543 4110 legatos
562 4014 720 4106 misisse,
741 4014 874 4111 quibus
893 4021 935 4088 ut
952 4013 1060 4088 fidem
1079 4007 1253 4102 habeant,
1273 4011 1319 4087 de

195 4163 266 4238 que
293 4163 362 4216 sua
389 4140 428 4214 in
454 4140 681 4239 provinciam
707 4141 936 4237 benignitate
963 4148 1075 4236 atque
1103 4162 1191 4215 cura
1216 4161 1318 4236 spem

193 4268 368 4366 optimam
385 4266 546 4355 foveant,
566 4288 794 4364 magnopere
814 4267 863 4341 ab
876 4263 1081 4342 Ordinibus
1093 4263 1215 4357 Regni
1235 4285 1317 4338 con-

191 4394 353 4473 tendere.
