3625 5534
500 474 551 552 20
887 494 937 548 ro.
960 493 1059 548 onon
1078 493 1227 548 enaovn

500 674 622 764 filium,
642 674 689 749 ob
709 673 836 749 oculos
854 671 924 748 tibi
940 694 1049 770 pono.
1070 671 1299 748 Perieritille
1319 679 1411 766 esto,
1425 671 1619 771 praeclare

498 801 618 877 indico
637 807 758 876 actum
777 823 858 876 cum
876 796 962 892 illo,
991 798 1053 896 qni
1071 822 1138 897 pro
1158 807 1221 875 tua
1240 797 1382 894 gloria,
1401 821 1544 898 proque
1565 821 1618 873 re-

500 927 638 1026 ligione
657 928 770 1003 vitam
788 927 1003 1026 profuderit.
1033 926 1165 1002 Habeo
1185 927 1290 1019 alios,
1310 926 1442 1024 quibus
1462 925 1619 1001 similem

498 1057 645 1147 exitum,
664 1054 769 1131 modo
797 1054 836 1127 id
853 1053 923 1130 tibi
950 1053 1141 1152 expediat,
1170 1061 1322 1152 exopto;
1351 1053 1418 1128 sed
1443 1052 1537 1128 illud
1560 1075 1617 1127 mc

499 1181 704 1271 excruciat,
732 1179 829 1282 quod
846 1179 905 1254 his
924 1179 996 1254 tuis
1027 1179 1274 1272 administris,
1302 1188 1377 1255 tam
1394 1179 1539 1256 nefarie
1558 1200 1618 1254 res

497 1306 640 1407 imperii
658 1306 711 1381 tui
728 1305 1022 1404 procurantibus,
1044 1328 1184 1382 omnem
1204 1314 1303 1380 tuam
1323 1303 1395 1380 vim
1404 1361 1416 1398 ,
1440 1305 1617 1382 Maiestas

496 1443 661 1530 temque,
690 1431 943 1508 achristianis
972 1431 1047 1506 illis
1071 1431 1252 1508 contemni
1279 1430 1435 1508 videam.
1464 1431 1617 1508 Imitare

496 1563 704 1658 Imperator
721 1557 881 1634 maiores
901 1566 1003 1652 tuos,
1032 1558 1211 1658 imprimis
1239 1567 1359 1635 autem
1378 1556 1616 1658 Solymarum

498 1708 708 1784 avumque
727 1687 812 1761 vivo
831 1685 869 1760 in
891 1692 1032 1761 tantum
1051 1708 1113 1761 res
1132 1685 1292 1761 Turcioa
1311 1686 1447 1779 crevit,
1474 1691 1516 1760 ut
1536 1685 1617 1762 orbi

499 1822 678 1890 terrarum
686 1813 861 1889 universo
871 1813 1102 1890 formidinem
1111 1814 1316 1890 incusserit.
1337 1814 1519 1912 Equidem
1538 1813 1616 1912 pol·

496 1940 611 2017 liceor
628 1941 711 2035 tibi,
731 1943 852 2017 nullos
869 1941 950 2018 iore
968 1943 1154 2036 mortales,
1174 1943 1236 2040 qui
1253 1949 1291 2018 te
1309 1942 1449 2034 ferant,
1468 1962 1615 2039 quoquo

399 2050 403 2056 ’
495 2075 533 2143 te
562 2069 738 2161 verteris,
768 2066 899 2144 cedent
928 2069 1048 2144 omnia
1075 2067 1216 2145 viribus
1234 2067 1327 2160 tuis,
1361 2068 1419 2143 sin
1438 2075 1561 2144 autem
1579 2073 1615 2141 te

496 2196 592 2270 domi
620 2195 872 2289 continueris,
905 2218 1039 2274 vereor
1065 2218 1111 2270 ne
1146 2193 1273 2293 plures
1301 2195 1406 2271 brevi
1433 2191 1615 2291 superiori

495 2322 580 2397 hnic
597 2322 737 2397 similes
755 2329 898 2400 tuorum
918 2321 1045 2404 clades
1064 2321 1203 2399 audias.
1276 2403 1283 2418 ,

824 2715 999 2796 GAPVT
1029 2717 1281 2799 TERTIVM.

628 2896 686 2971 De
705 2894 795 2974 bello
813 2901 852 2974 in
874 2895 1101 2976 Christianos
1116 2927 1140 2973 a
1160 2897 1316 2975 Caesare
1336 2899 1484 2974 decreto.

599 3079 673 3156 His
693 3079 800 3155 dictis
818 3079 972 3179 profusa
989 3079 1028 3154 in
1047 3082 1243 3179 lacrymas,
1260 3088 1297 3156 et
1315 3078 1363 3155 ad
1376 3078 1491 3180 pedes
1509 3077 1612 3156 illius

493 3209 703 3306 provoluta,
719 3207 812 3283 adeo
831 3228 914 3282 eum
933 3207 1146 3301 commovit,
1166 3214 1205 3283 ut
1224 3208 1348 3284 statim
1368 3229 1448 3282 eam
1468 3203 1611 3284 Caesar

493 3334 589 3409 bono
600 3334 720 3409 animo
731 3354 815 3407 esse
834 3333 993 3425 iusserit,
1013 3334 1160 3409 iamiam
1169 3334 1289 3432 ipsam
1308 3335 1479 3426 visuram,
1498 3355 1611 3431 quan-

491 3467 568 3534 tum
586 3458 792 3535 authoritas
811 3459 909 3549 eius,
939 3485 962 3534 a
985 3482 1058 3557 qna
1077 3482 1226 3535 causam
1254 3482 1358 3536 suam
1376 3459 1439 3558 agi
1456 3459 1610 3550 videret,

493 3584 592 3685 apud
610 3607 652 3660 se
671 3585 821 3660 valeret.
843 3585 925 3661 Nec
942 3585 1040 3661 ultra
1059 3594 1234 3680 moratus,
1252 3585 1373 3685 poscit
1391 3585 1546 3685 stylum,
1565 3609 1609 3661 ac

491 3711 717 3809 pugillares,
747 3719 857 3810 atque
877 3734 946 3788 sua
964 3711 1089 3787 statim
1108 3733 1216 3789 manu
1233 3713 1432 3810 perscribit
1459 3711 1608 3806 Sinano,

491 3848 532 3916 ut
549 3839 622 3915 sibi
640 3839 855 3915 necessaria
873 3839 995 3915 omnia
1014 3838 1116 3916 illico
1128 3838 1176 3916 ad
1195 3837 1330 3915 bellum
1351 3840 1520 3934 instruat,
1540 3863 1609 3915 nec

489 3967 602 4042 ullam
622 3964 846 4064 expeditioni
864 3988 1005 4042 moram
1022 3965 1145 4043 faciat.
1163 3964 1327 4065 Accepto
1346 3967 1418 4044 hoc
1437 3967 1609 4043 mandato

490 4089 650 4170 Sinanus
669 4090 836 4188 collegas
856 4112 982 4169 omnes
1010 4093 1059 4168 ad
1086 4115 1128 4168 se
1156 4100 1353 4186 convocat,
1382 4092 1510 4171 eodem
1535 4117 1607 4170 mo-

490 4225 621 4312 mento,
641 4219 769 4316 eisquc
787 4218 960 4319 proponit
969 4215 1146 4296 Caesaris
1164 4220 1333 4308 animum,
1352 4220 1512 4318 quidque
1529 4221 1605 4297 fac·

488 4350 527 4420 to
547 4343 597 4420 sit
623 4366 735 4443 opus,
763 4352 877 4421 totam
895 4353 1041 4422 noctem
1061 4345 1264 4424 insomnem
1285 4369 1366 4422 cum
1385 4346 1439 4422 eis
1458 4348 1607 4442 ducens,

489 4468 550 4546 diu
568 4468 790 4567 multumque
810 4470 990 4568 disquirit.
1018 4470 1205 4548 Postridie
1224 4471 1371 4548 tandem
1396 4496 1442 4548 ex
1461 4481 1606 4552 senten·

486 4595 540 4682 tie
558 4597 714 4672 omnium
733 4599 926 4674 certiorem
945 4598 1037 4675 iacit
1055 4595 1267 4692 Caesarem,
1278 4600 1472 4678 maximum
1491 4625 1605 4701 appa-

486 4731 615 4816 ratum,
634 4724 697 4800 ubi
715 4721 859 4801 Caesar
878 4726 977 4800 bello
996 4725 1045 4800 sit
1062 4727 1312 4822 interfuturus,
1332 4727 1481 4824 requiri,
1501 4729 1604 4804 ouius
