3625 5534
443 468 519 546 134
844 489 893 542 ro.
913 488 1014 539 nucu
1032 455 1199 538 naraovu¹

442 669 482 744 id
501 633 751 744 eommunibus
780 665 967 764 expensis,
1000 663 1196 739 voluerunt
1224 663 1382 739 Romani
1407 663 1571 760 Imperii,

388 808 392 814 “
442 803 553 892 atque
589 793 683 869 adeo
730 791 844 868 totius
882 788 1122 865 Christianae
1157 787 1386 886 reipublicae
1423 789 1573 865 unicum

441 915 760 1020 propugnaculum
779 938 876 992 esse.
895 914 989 991 Eius
999 911 1273 1012 oppugnandae
1283 911 1443 989 Sinarus
1455 914 1574 1014 dupli·

443 1069 522 1122 oern
550 1045 733 1121 rationem
760 1065 886 1118 seeum
921 1040 1039 1134 inivit,
1058 1045 1160 1114 terra
1191 1046 1302 1137 atque
1321 1040 1510 1118 Danubio.
1528 1043 1575 1118 in

444 1171 645 1250 mutinenti
665 1171 811 1268 quidem
830 1193 912 1246 oum
930 1169 1070 1260 fossae,
1109 1166 1223 1258 valla,
1264 1190 1309 1241 ae
1336 1169 1432 1243 muri
1459 1170 1575 1265 longe

443 1299 702 1392 robustissimi,
724 1305 760 1374 et
780 1297 829 1374 ad
847 1296 1065 1371 miraoulum
1084 1317 1203 1392 nsque
1231 1294 1477 1389 munitissimi,
1505 1320 1577 1372 neo

306 1471 308 1474 -
443 1425 637 1502 tormentis
657 1423 814 1514 bellieis,
835 1421 1189 1519 quorumiugentem
1201 1420 1576 1516 babebatnumerum,

445 1573 514 1626 nee
531 1548 610 1624 nlla
630 1549 705 1625 alia
723 1547 868 1624 ratione
883 1546 1054 1645 superari
1073 1567 1185 1643 posse
1212 1545 1436 1638 viderentur,
1463 1548 1577 1622 eonfi-

446 1699 511 1753 sus
529 1681 657 1749 tantae
674 1672 861 1748 hominum
871 1671 1095 1747 multitudini
1115 1693 1304 1767 aggerem,
1323 1671 1578 1772 tumulumque

447 1825 493 1878 ex
514 1806 647 1896 egesta
665 1807 766 1874 terra
784 1797 1006 1889 faoiendum,
1026 1804 1064 1871 et
1081 1796 1196 1872 muris
1225 1797 1496 1873 advoluendum
1515 1823 1579 1876 eu-

446 1927 555 2004 ravit.
573 1925 618 2001 Id
638 1925 806 2023 quamvis
825 1925 968 2022 ingenti
987 1925 1117 1998 labore
1136 1922 1253 2012 lieret,
1272 1930 1397 1997 tamen
1416 1934 1579 2022 quatuor

447 2075 564 2129 sexve
583 2049 899 2128 hebdomadarum
931 2049 1054 2148 spatio
1082 2048 1122 2122 id
1154 2070 1247 2147 opus
1266 2049 1443 2143 absolvit,
1463 2060 1503 2127 et
1522 2061 1580 2128 tu·

328 2250 331 2256 .
448 2178 567 2254 mulos
586 2199 823 2274 aggeresque
843 2175 1083 2252 admirandae
1101 2173 1379 2270 magnitudinis,
1407 2176 1461 2252 ita
1479 2201 1580 2256 moe·
1734 2252 1735 2285 3

448 2305 558 2381 nibus
578 2302 753 2396 admovit,
772 2309 814 2380 ut
835 2327 880 2378 ex
896 2302 1105 2402 propinquo
1125 2301 1197 2375 iam
1217 2324 1264 2375 ea
1290 2303 1484 2379 tormentis
1501 2308 1582 2382 bel·
1734 2302 1735 2349 l

449 2431 533 2505 liris
551 2428 638 2526 peti,
657 2427 730 2502 imo
751 2436 788 2503 et
808 2427 923 2504 sealis
943 2429 1114 2533 superari
1133 2449 1246 2524 posse
1265 2426 1515 2506 mederentur.
1535 2434 1580 2508 In

449 2554 635 2647 Danubio,
647 2553 709 2650 qui
726 2555 856 2630 urbem
868 2553 984 2646 alluit,
1003 2553 1057 2628 ita
1076 2551 1390 2651 oppugnationem
1407 2553 1580 2649 instituit,

449 2687 490 2756 ut
517 2678 688 2775 quoniam
725 2678 902 2777 oppidani
931 2701 1074 2753 omnem
1104 2699 1209 2753 suam
1236 2677 1438 2754 seeundum
1456 2679 1581 2757 Deum

451 2825 555 2902 spem
574 2805 614 2878 iu
634 2800 801 2878 Mathiae
820 2802 1054 2895 Arebidnois,
1076 2802 1195 2900 quiin
1218 2802 1395 2879 exteriori
1413 2804 1582 2882 Danubii

450 2931 534 3029 ripa
551 2952 598 3004 ex
617 2930 781 3006 adverso
797 2930 836 3005 in
855 2931 940 3035 ipso
958 2931 1063 3006 urbis
1091 2938 1293 3028 oouspeetu
1321 2937 1447 3006 eastra
1466 2932 1581 3009 habe

452 3059 529 3148 bat,
549 3057 713 3133 exereitu
731 3058 951 3132 eolloeatam
971 3058 1163 3147 haberent,
1180 3057 1280 3133 faute
1299 3065 1422 3154 ponte,
1443 3061 1581 3136 Istrum

452 3183 624 3272 transire,
653 3183 857 3282 copiasque
885 3183 1069 3259 intentare
1099 3181 1282 3257 statuerit.
1321 3180 1397 3258 Sed
1420 3186 1583 3263 navibus
1734 3162 1735 3237 3

453 3307 615 3383 transire
633 3330 752 3405 neque
773 3310 867 3385 satis
887 3317 1016 3401 totum,
1036 3333 1156 3407 neque
1175 3310 1269 3383 satis
1287 3310 1399 3384 facile
1422 3313 1585 3389 arbitra·

455 3434 575 3526 batur,
595 3456 715 3530 neque
731 3457 832 3527 suae,
853 3459 972 3533 neque
993 3435 1236 3534 Imperatoris
1257 3435 1367 3510 etiam
1387 3435 1583 3532 dignitatis
1734 3446 1735 3541 f

453 3580 542 3634 esse
561 3560 761 3635 statuebat.
782 3560 915 3660 Itaque
934 3561 1006 3635 etsi
1025 3585 1166 3637 summa
1194 3560 1395 3636 diffioultas
1420 3563 1585 3640 faciendi

455 3684 578 3784 pontis
596 3688 883 3783 proponebatur,
904 3696 1058 3787 propter
1076 3688 1319 3780 latitudinem,
1327 3689 1584 3786 rapiditatem,

456 3810 759 3910 altitudinemque
789 3813 963 3899 Danubii
986 3815 1145 3890 omnium
1172 3814 1285 3888 totius
1310 3815 1483 3912 Europae
1517 3815 1585 3892 flu·

455 3935 598 4012 viorum
615 3938 779 4013 maximi:
797 3946 920 4015 tamen
939 3949 980 4016 ut
998 3940 1293 4015 faoilius'bostes
1313 3962 1360 4014 ex
1377 3940 1584 4039 improviso

457 4057 609 4139 adortos
628 4064 865 4162 propelleret,
874 4066 1063 4142 omniuoid
1070 4065 1142 4142 sibi
1153 4064 1443 4141 contendendum
1454 4067 1586 4142 existi·

457 4191 594 4270 mahat.
631 4188 828 4268 Rationem
848 4193 964 4290 igitur
993 4192 1115 4291 pontis
1133 4192 1231 4267 bane
1247 4191 1426 4268 institua:
1452 4203 1586 4270 eoaeta
1734 4178 1735 4225 ³

456 4317 600 4418 ingenti
620 4317 857 4393 materiarum
877 4319 996 4417 eopia,
1025 4326 1064 4394 et
1092 4317 1223 4392 aeeitis
1250 4317 1412 4414 undique
1432 4317 1586 4394 artifiei-

457 4445 539 4536 bus,
559 4465 675 4520 naves
703 4443 742 4518 in
771 4444 892 4520 insula
921 4441 1305 4542 Keviensi,'quinque
1322 4443 1422 4518 infra
1440 4443 1585 4520 Budam

458 4569 682 4646 milliaribus
702 4569 846 4664 dissita,
864 4573 963 4648 tales
982 4570 1064 4647 fieri
1083 4593 1219 4667 magna
1247 4576 1328 4646 arte
1355 4569 1527 4662 instituit,
1544 4579 1588 4647 ut
1734 4652 1735 4655 Ν

458 4717 593 4796 prorae
613 4705 740 4772 esseut
772 4698 985 4798 angulares,
1023 4719 1168 4798 puppes
1196 4701 1320 4771 autern
1347 4703 1587 4796 praeacutae,
1734 4714 1735 4765 t
