3625 5534
491 577 540 627 nu
559 575 640 627 sss.
661 574 747 626 vua.
767 573 850 628 nne.
872 573 908 627 x.
929 575 963 629 u.
981 577 1030 629 ιι.
1264 551 1317 632 83

203 755 382 829 statuerat.
394 750 515 826 disiiei
533 751 715 841 iussisset,
736 748 826 824 nihil
846 758 968 824 tamen
988 751 1118 840 effecit,
1139 774 1220 826 eum
1233 751 1260 824 ii
1279 751 1319 825 in

203 894 315 949 omnes
334 885 465 974 partes
484 876 602 970 effusi,
623 867 697 972 qua
715 875 898 973 integrum
919 877 1050 973 euique
1078 876 1221 972 fuisset,
1241 877 1317 953 via·

203 1022 268 1074 mm
287 1003 506 1100 compendia
524 1002 651 1091 seeuti,
672 1003 894 1078 evasissent.
918 1005 977 1077 Ita
993 1003 1213 1101 eumpaueis
1233 1002 1318 1077 Bel·

203 1128 345 1216 gradum
365 1129 510 1204 demum
537 1127 743 1226 appellens,
774 1129 901 1203 statim
933 1128 1097 1203 dimissis
1128 1129 1239 1205 etiam
1259 1148 1319 1202 eo-

202 1251 270 1346 piis,
290 1254 339 1329 iis
359 1255 528 1346 maxime,
548 1277 643 1351 quae
662 1254 759 1328 inter
778 1253 971 1347 praesidia
991 1251 1170 1329 Caesaris
1195 1275 1319 1329 nnme-

204 1387 331 1472 rantur,
351 1403 512 1478 suasque
531 1380 712 1456 stationes
732 1381 770 1454 iu
789 1378 889 1456 Aula
914 1377 1062 1472 habent,
1081 1380 1128 1454 de
1156 1401 1200 1454 eo
1219 1377 1319 1472 eogi-

203 1512 271 1580 tare
290 1506 424 1604 eoepit,
450 1506 631 1602 quomodo
650 1527 800 1580 eausam
827 1527 944 1596 suam,
965 1506 998 1580 si
1019 1505 1172 1603 quidde
1208 1529 1254 1581 eo
1271 1503 1320 1578 si-

204 1629 300 1704 nistri
318 1639 569 1729 spargeretur,
591 1629 750 1706 Caesari
768 1632 957 1728 probaret.
981 1631 1112 1706 Missis
1136 1631 1262 1727 itaque
1280 1629 1319 1702 in

206 1753 329 1830 Aulam
346 1779 496 1832 snorum
514 1756 665 1848 intimis,
685 1757 861 1830 mandata
879 1756 935 1832 eis
955 1755 1067 1848 dedit,
1080 1764 1120 1832 ut
1138 1753 1318 1830 Caesaris
1351 1825 1360 1843 ,

205 1880 372 1978 imprimis
391 1881 551 1956 animum
578 1889 880 1978 praenoseerent,
921 1889 958 1956 et
995 1882 1028 1956 si
1055 1880 1318 1978 intelligerent,

206 2009 299 2101 queri
317 2004 530 2100 Caesarem,
549 2008 630 2083 eius
650 2008 759 2104 eulpa
778 2030 856 2082 rem
877 2031 901 2081 a
919 2007 1085 2083 Budensi
1111 2006 1207 2082 male
1235 2027 1319 2101 ges-

205 2143 383 2226 tamesae,
405 2157 486 2208 eam
506 2159 529 2209 a
548 2157 590 2210 se
608 2136 662 2209 ita
690 2142 943 2230 removerent,
972 2143 1013 2210 ut
1041 2139 1265 2221 assererent,
1294 2153 1318 2203 a

206 2255 393 2336 Germanis
411 2261 447 2336 ei
465 2261 674 2357 impositum
700 2262 831 2348 tuisse,
859 2263 922 2358 qui
950 2284 1018 2359 spe
1047 2261 1151 2360 paeis
1170 2259 1317 2350 iniecta,

205 2393 280 2482 post
297 2387 376 2460 eius
396 2385 602 2462 discessum
630 2386 678 2462 ad
706 2386 884 2461 sumenda
913 2399 1018 2462 arma
1049 2410 1091 2462 se
1116 2394 1237 2462 mutuo
1257 2406 1316 2458 eo-

205 2509 329 2585 lmrtati
347 2510 516 2586 fuissent.
535 2515 596 2592 Ita
616 2512 713 2586 enim
723 2510 971 2588 Archidueem
980 2511 1176 2587 Matthiam
1191 2532 1317 2586 seeum

203 2636 434 2732 transegisse,
456 2638 559 2713 euius
578 2638 634 2712 rei
652 2638 731 2712 eius
753 2636 898 2730 literae,
929 2658 1022 2732 quas
1051 2633 1210 2712 Caesari
1237 2636 1318 2711 mit·

204 2769 298 2847 teret,
315 2769 433 2837 testes
454 2771 592 2856 essent,
617 2762 724 2838 modo
753 2764 954 2840 exereitum
983 2762 1186 2856 reduceret,
1215 2763 1317 2859 lega-

204 2893 272 2960 tum
289 2911 329 2962 se
344 2889 391 2962 ad
411 2912 493 2964 eum
513 2890 683 2966 continno
704 2889 932 2985 Belgradum
951 2888 997 2964 de
1017 2912 1109 2987 paee
1121 2888 1318 2964 missurum

206 3033 292 3087 esse.
312 3013 396 3089 Hae
415 3037 483 3113 spe
502 3013 682 3106 delusum,
712 3016 750 3088 in
783 3037 865 3090 eum
885 3034 1050 3089 errorem
1068 3013 1256 3106 inuidisse,
1277 3018 1316 3088 ut

205 3135 445 3214 intimantibus
464 3141 542 3216 suis
560 3141 599 3214 in
616 3149 781 3237 tempore
800 3161 907 3236 opem
926 3140 1025 3215 serre
1053 3158 1127 3216 non
1145 3138 1316 3236 potuerit,

204 3262 348 3360 ideoque
366 3266 477 3340 venia
497 3266 658 3363 dignum,
680 3265 779 3362 quod
798 3265 911 3340 alieni
922 3266 1076 3366 sceleris
1087 3262 1316 3364 eulpamnon

204 3388 270 3464 sibi
286 3393 523 3487 subeundam,
540 3393 607 3468 sed
617 3394 666 3468 ab
674 3393 845 3489 ipsismet
855 3393 1073 3469 authoribus
1082 3393 1163 3468 eius
1173 3413 1315 3492 poenas

205 3520 422 3612 expetendas
441 3526 555 3617 putet.
593 3517 635 3595 Si
657 3520 751 3595 haee
780 3528 817 3595 et
835 3520 971 3594 similia
990 3544 1063 3595 non
1081 3516 1316 3616 proficerent,

204 3651 323 3716 matra
339 3643 496 3737 nimiam,
515 3646 719 3721 invidorum
738 3646 1316 3743 praesertim‚malevolorumque

203 3769 403 3864 potentiam,
421 3793 574 3867 quorum
604 3772 745 3846 animos
774 3772 945 3846 fortunae
975 3795 1065 3847 suae
1083 3767 1316 3866 indulgentia

203 3888 424 3992 iampridem
442 3903 573 3972 eontra
592 3919 634 3972 se
655 3898 861 3989 efferasset,
882 3899 1011 3973 oblata
1028 3897 1168 3992 ingenti
1186 3892 1315 3968 viauri

203 4013 393 4095 Caesarem
412 4022 485 4096 sibi
509 4023 760 4098 coneiliarent.
