3625 5534
485 555 534 604 oa
553 555 633 605 nau.
653 553 737 606 vso.
756 553 887 605 oreon
907 551 941 601 u.
962 550 1026 603 vrr.
1251 524 1329 604 139

516 833 693 912 OAPVT
722 832 1021 912 SECVNDVM.

413 1021 473 1096 De
494 1017 779 1098 Comoromieori
803 1018 990 1096 obsidione
1007 1019 1141 1098 soleto.

315 1201 415 1277 Dum
434 1201 528 1276 baec
547 1201 600 1275 ibi
620 1208 800 1297 aguntur,
816 1198 1036 1299 Rodolpbus
1047 1201 1256 1301 Imperator
1274 1229 1335 1280 ve·
1381 1237 1388 1250 ·

212 1326 313 1419 ritus,
330 1348 389 1419 ne,
410 1326 444 1401 si
462 1349 567 1424 opem
586 1327 845 1402 laborantibus
865 1327 1000 1402 afferre
1029 1337 1263 1406 cunctaretur
1291 1329 1332 1422 ¹),
1390 1350 1394 1356 ’

212 1451 392 1529 laurinum
412 1455 450 1528 iu
474 1459 696 1551 potestatem
722 1453 882 1530 hostium
912 1455 1145 1551 redigeretur
1170 1453 1218 1553 ²):
1247 1481 1332 1534 con-

211 1584 537 1678 tractas,·quautas
557 1579 676 1678 potuit
695 1579 885 1662 maximas.
907 1603 953 1654 ex
973 1581 1165 1675 Bobenia,
1178 1582 1332 1660 Austris

212 1713 248 1780 et
265 1699 422 1796 Silesia,
451 1705 659 1801 ceterisque
679 1704 842 1780 finitimis
863 1703 1089 1782 Germaniae
1115 1709 1331 1806 regionibus

211 1828 334 1928 copias
353 1830 521 1907 subsidio
541 1830 725 1906 Matthiae
744 1831 852 1906 fratri
872 1853 981 1928 quarn
1009 1833 1201 1910 celerrime
1220 1835 1331 1910 misit

210 1955 281 2034 Sed
300 1965 496 2053 antequam
515 1956 644 2052 copiae
663 1955 751 2030 illae
765 1951 791 2054 ³)
811 1957 858 2031 ad
878 1957 1073 2033 Matthiam
1082 1959 1330 2057 pervenirent,

209 2084 278 2158 iam
316 2079 475 2158 Sinanus
513 2090 622 2181 capto
661 2083 810 2158 laurino
849 2080 1046 2158 Gomarom
1071 2079 1100 2181 ⁴)
1119 2086 1329 2162 obsederat.

210 2207 409 2300 Quomiuus
439 2215 562 2316 autem
588 2207 680 2284 illud
708 2207 858 2305 ceperit,
897 2207 969 2283 hoc
1001 2208 1036 2282 ei
1063 2210 1275 2308 cumprimis
1297 2211 1328 2304 ⁶)

209 2335 464 2433 impedimento
501 2332 618 2408 luisse
661 2341 886 2431 compertum
925 2341 993 2426 est,
1026 2333 1127 2432 quod
1164 2336 1328 2431 Tartari,

210 2469 314 2559 capto
350 2460 476 2536 statim
495 2460 656 2554 Iaurino,
693 2484 741 2535 ex
779 2459 857 2536 eius
897 2460 1033 2535 matris
1079 2461 1332 2556 discesserint,

211 2587 436 2682 reditumque
456 2587 495 2660 in
513 2587 673 2684 patriam
682 2585 911 2684 paraverint.
923 2585 1095 2678 Proinde,
1107 2589 1276 2685 quamvis
1301 2585 1328 2687 ⁶)

209 2735 248 2788 se
274 2713 328 2788 ita
355 2712 393 2786 in
422 2711 614 2786 obsidione
643 2709 937 2787 Comaromieusi
965 2714 1182 2789 aTartaris
1202 2714 1327 2792 deser-

208 2847 278 2914 tum
306 2837 467 2912 videret:
508 2837 719 2912 tentandam
747 2845 871 2914 tamen
899 2838 979 2913 eius
1014 2843 1326 2937 oppugnationem

208 2975 317 3052 ratus,
337 2971 495 3062 quatuor
514 2964 661 3038 circiter
679 2963 797 3038 millia
814 2961 845 3056 ¹)
866 2964 1026 3062 equitum
1042 2989 1089 3040 ex
1108 2970 1205 3042 omni
1224 2992 1328 3044 exer·

121 3169 125 3178 ,
207 3094 277 3170 citu
296 3092 434 3189 seligit,
466 3114 605 3189 eosque
632 3092 670 3165 in
695 3091 870 3166 finitimas
897 3093 1109 3191 provincias
1128 3095 1326 3192 depopula-

207 3227 279 3296 tum
297 3218 419 3309 mittit,
434 3217 505 3293 boc
523 3216 606 3310 fine,
626 3225 666 3292 ut
685 3214 933 3309 Christianos,
943 3218 981 3293 in
1000 3218 1240 3295 defendendis
1250 3220 1328 3294 fini·

207 3347 273 3420 bus
291 3345 370 3419 suis
390 3351 600 3442 occupatos,
621 3345 670 3418 ab
689 3343 828 3419 auxilio
848 3344 1017 3418 obsessis
1044 3344 1197 3422 ferendo
1226 3371 1327 3424 arcer

210 3481 272 3547 ret.
293 3470 455 3546 Barbari
473 3471 647 3546 mandata
666 3468 797 3545 Sicani
823 3470 998 3546 celeriter
1026 3471 1160 3569 exequi
1179 3475 1326 3573 cupien-

207 3607 271 3690 tes,
290 3599 329 3672 in
346 3597 528 3672 hosticum
548 3593 572 3693 ⁸)
593 3619 727 3694 magno
756 3619 836 3676 oum
865 3598 1004 3695 impetu
1023 3597 1159 3673 ducunt
1174 3594 1213 3696 ⁹),
1233 3608 1271 3674 et
1289 3601 1326 3674 in

207 3723 360 3798 insidias
372 3731 581 3798 nostrorum
602 3722 700 3797 illati
718 3744 845 3798 omnes
864 3722 944 3798 iere
966 3723 1177 3816 caeduntur,
1197 3725 1326 3822 paucis

213 3849 360 3946 elapsis,
380 3849 443 3946 qui
462 3848 631 3923 nuncium
652 3849 732 3922 eius
751 3849 807 3923 rei
824 3849 862 3924 in
882 3856 1009 3924 castra
1026 3847 1188 3924 hostium
1206 3849 1327 3925 defer·

310 4689 334 4758 ⁸)
347 4689 391 4746 A»
409 4697 531 4760 emerui
546 4693 602 4744 eod.
616 4691 756 4750 bibissent
771 4693 853 4748 hosta
867 4700 928 4748 tam

310 4779 332 4846 ’)
343 4781 365 4834 Ε
376 4783 422 4836 sab
436 4779 542 4856 helydn
557 4799 592 4837 az
605 4783 727 4854 quemi
740 4781 865 4836 cor-'estere
885 4779 980 4856 δέπας
1005 4799 1069 4838 vau.
