3625 5534
484 443 537 518 54
876 465 927 516 ro.
947 463 1048 514 naon
1066 463 1216 516 nuaovn

486 660 569 713 eum
587 638 709 712 animo
729 660 796 711 suo
817 643 974 734 reputet,
996 637 1304 734 quotusquisque
1332 637 1391 730 sit,
1416 635 1522 711 iniis
1543 661 1616 712 om·

485 764 596 839 nibus
614 763 830 864 provinciis,
849 769 888 836 et
906 763 1045 859 regnis,
1074 763 1136 858 qui
1170 763 1325 839 eandem
1353 787 1433 839 cum
1453 763 1511 838 eis
1531 763 1617 837 reli-

486 891 636 986 gionem
654 891 764 966 colat.
789 891 869 964 Iam
888 913 935 963 ne
953 889 1026 986 ipsi
1045 889 1193 985 quidem
1212 890 1463 965 Mobametani
1490 889 1530 962 in
1552 888 1615 962 im-

485 1017 550 1115 pia
566 1015 635 1092 illa
662 1014 928 1114 superstitione
955 1016 1052 1091 inter
1080 1037 1122 1091 se
1149 1036 1277 1091 omnes
1296 1017 1520 1092 conveniunt
1541 1013 1617 1105 alii,
1727 1035 1728 1048 ¹

485 1143 728 1240 insequuntur
769 1139 975 1232 Omarium,
1014 1151 1052 1216 et
1089 1141 1143 1217 ita
1167 1142 1278 1216 divisi
1307 1143 1345 1216 in
1373 1149 1498 1217 sectas
1517 1145 1618 1216 sunt,

387 1291 391 1302 ’
483 1274 526 1343 ut
543 1267 653 1343 sicuti
669 1266 767 1342 inter
785 1287 867 1357 nos,
896 1266 951 1340 ita
981 1266 1019 1341 in
1043 1265 1139 1364 ipsis
1158 1287 1303 1362 quoque
1322 1267 1473 1363 vigeant
1501 1266 1617 1341 intes-

483 1393 563 1470 tina
580 1394 677 1486 odia,
697 1399 824 1467 mutua
842 1391 1012 1482 dissidia,
1031 1385 1206 1465 ebbella:
1235 1391 1302 1465 sed
1329 1391 1366 1465 in
1386 1390 1482 1466 Asia
1500 1391 1618 1489 potis·

483 1520 624 1612 simum,
644 1525 682 1594 et
699 1518 864 1615 Europa,
883 1517 947 1592 ubi
966 1517 1164 1591 maximum
1194 1538 1319 1591 eorum
1337 1519 1463 1608 robur,
1492 1526 1532 1592 et
1551 1519 1616 1593 im·
1728 1538 1729 1570 ι

483 1645 579 1746 perii
597 1641 709 1720 sedes
728 1652 796 1735 est,
833 1665 956 1717 nonne
979 1641 1117 1739 ubique
1145 1640 1193 1714 iis
1221 1643 1301 1717 sere
1327 1643 1554 1736 nationibus,
1580 1652 1617 1720 ct

483 1770 669 1868 gentibus,
688 1789 783 1866 quas
802 1767 895 1842 nihil
913 1788 1109 1842 recensere
1128 1774 1186 1842 est
1206 1789 1311 1864 opus,
1331 1791 1414 1844 cum
1431 1777 1569 1867 sponte
1580 1771 1617 1845 in

487 1896 645 1972 omnium
672 1901 817 1970 mentes
844 1895 1055 1984 incurrant,
1078 1915 1173 1989 quae
1201 1913 1334 1968 nomen
1361 1889 1618 1972 Christianum

482 2024 715 2124 profitentur,
734 2023 822 2117 jura
840 2018 1616 2118 dant,easquehabentvectigaleslnonne

375 2141 382 2154 ’
484 2148 612 2224 videre
631 2153 700 2241 est,
731 2169 799 2223 eas
827 2168 966 2236 omnes,
1005 2168 1101 2243 quae
1128 2154 1202 2221 tam
1235 2146 1344 2242 gravi
1379 2168 1506 2222 eorum
1526 2147 1619 2244 iugo

488 2282 716 2376 premuntur,
734 2282 772 2351 et
790 2297 886 2372 quae
905 2274 967 2348 vel
985 2273 1023 2347 in
1042 2272 1208 2370 ipsorum
1218 2272 1426 2348 visceribus
1436 2272 1617 2364 resident,

483 2423 602 2501 prope
619 2400 926 2499 inspectantibus,
946 2405 983 2472 et
1003 2395 1240 2473 audientibus
1263 2398 1371 2496 ipsis,
1400 2421 1444 2474 eo
1464 2399 1615 2473 nomin‘e

482 2525 647 2622 quotidie
665 2525 750 2601 Deo
768 2548 882 2600 sacra
898 2525 1036 2616 facere,
1056 2525 1420 2622 supplicationesque
1438 2523 1620 2602 indicere.

481 2659 523 2726 ut
540 2651 587 2725 ab
607 2650 935 2726 eorumservitnte
953 2649 1167 2726 liberentur.
1207 2651 1304 2726 Mira
1332 2672 1423 2725 sane
1442 2672 1505 2725 res
1526 2672 1616 2725 esse

482 2774 683 2864 videretur,
702 2776 894 2872 quomodo,
914 2784 951 2851 et
971 2799 1081 2872 quam
1099 2777 1209 2874 pauci
1227 2797 1378 2852 numero
1398 2771 1452 2872 (ut
1479 2775 1546 2850 vix
1568 2775 1616 2850 ad

484 2907 660 2976 centenos
680 2923 846 2999 quosque
866 2897 1173 2994 Christianorum,
1205 2901 1268 2996 qui
1286 2900 1322 2974 in
1343 2900 1497 2997 Europa
1517 2907 1616 2992 sunt,

482 3025 612 3101 habito
631 3047 755 3120 censu,
774 3025 913 3123 singuli
934 3028 1082 3102 Turcae
1110 3019 1299 3120 cederent)
1329 3031 1366 3098 et
1395 3023 1493 3097 omni
1522 3047 1617 3099 vera

482 3151 619 3228 virtute
638 3151 825 3242 destituti,
861 3151 900 3226 in
927 3160 1003 3227 tam
1032 3153 1151 3227 cultas
1180 3158 1322 3248 gentes,
1362 3157 1399 3223 et
1428 3171 1616 3224 armorum

481 3275 604 3373 gloria
622 3277 746 3350 claras
767 3298 945 3351 exercere
963 3277 1113 3373 impune
1132 3275 1226 3351 adeo
1254 3273 1463 3349 diuturnam
1482 3279 1612 3372 tyran·

482 3400 605 3476 uidem
622 3399 819 3501 potuerint,
838 3401 913 3475 nisi
932 3423 977 3475 eo
997 3401 1129 3477 animis
1138 3421 1384 3492 recurramus,
1405 3397 1503 3495 quod
1522 3396 1612 3476 olim

481 3532 607 3600 vatum
624 3524 854 3625 temporibus
871 3526 1009 3625 populo
1031 3525 1241 3601 Israeliticc
1259 3525 1297 3598 in
1317 3547 1362 3599 ea
1381 3521 1482 3598 orbis
1493 3531 1615 3622 parte,

483 3651 522 3726 id
539 3648 679 3726 ultimis
697 3649 756 3725 bis
774 3647 925 3744 seculis,
954 3650 1087 3748 quibus
1126 3650 1200 3724 Dei
1227 3650 1400 3726 voluntas
1419 3647 1614 3746 patefacta

480 3776 519 3852 in
537 3776 612 3851 ista
632 3796 779 3873 quoque
811 3775 934 3850 mundi
962 3776 1077 3875 plaga
1103 3784 1171 3866 est,
1199 3775 1322 3852 nobis·
1335 3771 1517 3847 evenisse.
1555 3775 1643 3850 Ita‘

482 3883 629 3977 illorim
660 3902 807 3976 scelera
842 3900 946 3977 ultus
967 3901 1071 3977 Deus
1091 3909 1158 3992 est,
1195 3908 1237 3976 ut
1264 3921 1329 3975 eos
1349 3894 1616 3974 abiectissimis

481 4025 656 4124 gentibus
675 4025 927 4123 castigandos,
953 4027 1268 4124 corrigendosque
1297 4024 1412 4100 daret.
1451 4029 1511 4100 Ita
1542 4046 1615 4099 nos

482 4173 640 4251 quoque,
657 4175 727 4252 per
744 4153 842 4229 bano
859 4154 1050 4253 profanae,
1070 4154 1308 4253 impuracque
1336 4151 1459 4246 gentis
1483 4151 1523 4225 in
1541 4174 1614 4227 nos

481 4275 774 4370 dominationem,
795 4279 957 4378 expiatis
976 4301 1022 4355 ea
1040 4301 1139 4356 noxa
1157 4278 1295 4354 nostris
1314 4276 1424 4370 vitiis,
1449 4276 1497 4352 ad
1516 4277 1614 4352 acci·

480 4399 652 4500 piendam
690 4424 795 4481 suam
833 4405 1086 4504 disciplinam,
1124 4405 1339 4501 legemque,
1379 4424 1474 4500 quae
1512 4402 1615 4477 vitae

478 4534 640 4620 nostrae,
678 4551 889 4628 morumque
927 4529 1062 4628 regula
1099 4536 1219 4622 esset,
1259 4527 1442 4605 adducere
1480 4527 1609 4602 voluit.

475 4647 585 4741 Quod
603 4661 724 4728 autem
744 4662 857 4732 antea
874 4664 930 4731 tot
949 4677 1167 4752 magnorum
1177 4657 1450 4753 Imperatorum
1468 4657 1610 4750 tempo·
