3625 5534
467 474 544 555 180
866 497 915 549 10.
935 497 1035 549 nucu
1051 499 1199 550 aanovn

466 682 523 750 tes
563 681 796 750 contemnere
834 678 1091 764 asuescerent,
1129 670 1369 746 lamentabile
1397 670 1587 747 documen-

463 809 540 876 tum
559 801 819 900 praebuerunt.
841 800 1038 877 Perierunt
1057 821 1104 872 ex
1122 796 1169 870 iis
1188 795 1238 870 ad
1255 796 1329 869 tria
1347 795 1496 871 circiter
1514 796 1587 871 mil·

463 925 516 1002 lia
535 933 572 1002 et
592 925 825 1023 quingentos,
853 950 936 1003 cum
964 949 1011 999 ex
1038 931 1142 998 tanto
1170 943 1321 996 numero
1349 921 1411 995 vix
1439 920 1587 997 ducenti

463 1051 637 1128 Danubio
665 1059 747 1127 utut
774 1060 972 1151 potuerunt
989 1057 1166 1148 superato
1184 1048 1386 1124 incolumes
1404 1047 1443 1121 iu
1462 1055 1587 1123 castra

462 1178 672 1254 rediissent.
699 1177 877 1274 Magnam
905 1176 1000 1254 haee
1026 1182 1239 1251 nostrorum
1257 1173 1385 1249 clades
1404 1172 1586 1249 Barbarie

462 1329 567 1403 spem
586 1311 698 1400 atquc
716 1303 887 1380 fiduciam
905 1303 1069 1379 melioris
1088 1304 1260 1377 fortunae
1281 1299 1413 1390 attulit,
1423 1299 1586 1376 occasio·

461 1453 617 1529 nemque
637 1431 754 1505 omnis
773 1441 983 1508 nostrorum
1002 1437 1134 1529 postea
1159 1427 1338 1505 victoriae
1365 1427 1584 1525 praebuisse

462 1557 625 1632 videtur:
645 1554 718 1630 nisi
737 1557 833 1631 enim
842 1557 938 1632 baec
946 1555 1070 1632 clades
1089 1578 1155 1631 eos
1174 1554 1396 1630 animasset:
1413 1554 1585 1628 mxeerte

461 1705 561 1757 acne
582 1681 645 1755 vix
662 1680 807 1778 quidem
826 1690 967 1757 tantum
977 1682 1050 1758 sibi
1069 1675 1257 1780 (animum)
1277 1700 1423 1754 sumere
1432 1680 1518 1754 ausi
1535 1682 1585 1754 fo·
1729 1712 1730 1787 ᾗ

460 1813 553 1901 rent,
581 1814 621 1882 ut
647 1807 803 1883 traiecto
831 1807 1006 1883 Danubio
1036 1807 1326 1905 Transalpinam
1356 1805 1584 1880 invaderent
1729 1802 1730 1853 ἶ

459 1933 568 2010 Nunc
583 1956 664 2007 cum
682 1933 860 2008 maiorem
874 1933 1040 2009 Dacicae
1058 1930 1457 2009 iuventutisfloremea
1477 1933 1584 2008 clade

305 2133 309 2142 ,
460 2061 694 2160 absumptum
711 2058 930 2156 indicarent,
948 2059 1186 2161 nonamplius
1198 2060 1295 2136 inter
1304 2059 1501 2134 victoriam
1529 2083 1585 2135 su·

460 2209 529 2278 am,
549 2191 586 2260 et
599 2185 887 2260 internecionem
905 2194 1114 2262 nostrorum
1123 2193 1298 2286 putarunt
1307 2185 1491 2261 interesse
1500 2209 1586 2284 spa·

457 2311 510 2405 tii,
530 2334 641 2408 quam
659 2310 757 2407 quod
776 2312 973 2387 Danubius
992 2314 1185 2410 utriusque
1211 2310 1330 2411 partis
1358 2311 1586 2387 exercitibus

459 2435 756 2533 interposuisset.
803 2437 863 2511 Ita
911 2437 1037 2512 divina
1073 2438 1287 2534 benignitas
1324 2459 1440 2536 saepe
1473 2437 1586 2512 etiam

458 2561 613 2636 malain
633 2561 822 2637 commoda
840 2538 920 2637 suis
940 2569 1087 2638 vertere
1107 2565 1204 2639 solet
1222 2562 1405 2637 fidelibus.

805 3059 981 3144 OAPVT
1000 3061 1230 3145 SEXTVM.

753 3259 812 3333 Dc
830 3273 937 3356 capto
957 3261 1117 3334 Bolcczic
1135 3258 1292 3335 castello.

501 3481 503 3488 =
562 3434 723 3535 Cognita
741 3436 814 3513 hae
832 3438 939 3515 clade
959 3461 1118 3533 suorum,
1128 3435 1387 3535 sigismundus
1397 3439 1583 3542 Princeps

452 3562 689 3641 vehementer
707 3563 874 3658 indoluit,
894 3572 932 3640 et
958 3573 998 3641 ut
1025 3563 1150 3663 aliquo
1178 3586 1355 3642 successu
1382 3564 1477 3642 haec
1503 3591 1583 3644 ma·

453 3691 538 3766 cula
556 3689 754 3786 deleretur,
774 3690 882 3768 simul
899 3697 940 3766 ut
956 3691 1106 3767 futurae
1123 3692 1274 3792 nuptiae
1292 3693 1419 3792 aliquo
1446 3717 1582 3770 secun-

451 3813 566 3892 dioris
593 3817 764 3893 fortunae
792 3817 924 3892 afflatu
952 3815 1233 3912 decorarentur,
1270 3819 1398 3895 missis
1434 3820 1583 3896 nunciis

452 3939 620 4040 Georgio
638 3942 816 4039 Barbely,
849 3965 956 4039 quem
985 3942 1211 4039 Lugasiensi
1241 3967 1330 4020 orac
1358 3943 1583 4044 principalis

454 4066 640 4165 capitanei
649 4067 795 4144 nomine
806 4067 1051 4166 praefecerat,
1071 4069 1288 4165 solemnique
1298 4067 1505 4144 iuramento
1524 4071 1584 4146 in·

450 4200 712 4288 auguratust,
730 4215 799 4291 pro
820 4191 1044 4270 authoritate
1065 4249 1305 4268 .......
1326 4249 1334 4288 ,
1363 4202 1404 4271 ut
1421 4199 1580 4293 captata

451 4316 607 4393 subinde
626 4317 832 4412 occasione,
851 4318 1009 4411 levibus,
1028 4317 1126 4414 quod
1148 4318 1244 4393 bene
1262 4318 1583 4414 verteretvelita·

449 4440 611 4518 tionibus
629 4443 799 4520 fortunae
817 4445 1022 4543 periculum
1040 4445 1193 4519 faceret.
1212 4441 1253 4517 Is
1280 4452 1472 4540 assumpta
1492 4467 1582 4523 cou-

448 4565 573 4643 festim
609 4569 801 4666 aliquanta
820 4591 969 4646 suorum
996 4593 1124 4665 manu,
1166 4568 1369 4646 Bokeriam
1395 4568 1583 4670 imprimis

449 4689 655 4770 Castellum
673 4701 881 4792 spontanea
900 4694 1086 4776 deditione
1112 4695 1219 4794 cepit.
1258 4693 1519 4792 Quadraginta
1539 4697 1582 4774 in
