3625 5534
519 513 567 565 ou
586 514 667 566 uuo.
685 513 770 566 uun.
791 513 873 567 unc.
893 513 929 566 x.
950 516 984 567 u.
1003 515 1052 567 m.
1268 491 1348 568 207

210 687 409 764 nationum
429 688 636 780 discrimen,
657 689 831 785 aquibus
852 686 1170 788 Transylvaniam
1203 677 1346 767 inhabi-

212 815 289 888 tari
312 838 434 912 supra
454 815 674 889 dixeramus.
697 857 745 866 -
767 815 863 888 Nam
886 813 1002 890 Siculi
1022 818 1148 892 omnes
1169 815 1217 892 ad
1235 840 1345 892 unum

210 941 357 1016 viritim
382 964 486 1016 arma
505 963 639 1039 capere
658 940 760 1015 iussi.
782 940 843 1014 Ex
862 937 1084 1034 saxonibus,
1111 942 1288 1039 Vugaris,
1307 952 1344 1019 et

119 1131 122 1138 ,
214 1064 405 1142 Valaohis
424 1067 451 1138 ii
469 1074 620 1154 tautum,
650 1066 712 1163 qui
739 1065 928 1156 vicenarii,
956 1067 1109 1160 denarii,
1139 1067 1344 1164 quinariive

211 1191 357 1266 nummi
385 1191 459 1264 vim
478 1191 526 1265 ad
545 1190 683 1266 bellum
703 1198 804 1267 sorte
824 1192 1025 1268 consiliove
1043 1194 1265 1270 obtulerant
1292 1194 1345 1268 Hi

213 1338 348 1392 omnes
368 1323 566 1414 postquam
584 1315 622 1389 in
641 1338 750 1390 unum
770 1317 888 1392 coacti
908 1325 1003 1410 sunt,
1031 1317 1160 1394 habito
1189 1318 1343 1412 delectu,

211 1441 475 1518 instrumentis
494 1439 640 1516 bellicis
659 1442 840 1536 instructi,
861 1449 897 1515 et
917 1443 979 1538 qui
998 1466 1089 1539 prae
1113 1442 1267 1540 reliquis
1286 1469 1343 1519 ar·

213 1569 285 1643 mis
306 1564 516 1642 tractandis
541 1567 699 1640 maxime
727 1565 850 1641 idonei
878 1568 1062 1659 visisunt,
1092 1569 1130 1642 in
1148 1569 1250 1646 acies
1270 1570 1342 1646 dis-

211 1695 358 1770 tributi.
398 1691 533 1784 Oeteri,
564 1693 625 1789 qni
645 1695 704 1768 vol
731 1701 863 1784 aetate,
893 1692 954 1768 vel
983 1694 1057 1770 alio
1103 1697 1249 1772 nomine
1277 1698 1341 1770 mi-

210 1847 283 1900 nus
304 1825 387 1921 apti
405 1817 555 1895 indicati
575 1825 669 1912 sunt,
689 1844 712 1894 a
731 1819 1000 1912 diremtoribos,
1022 1820 1167 1896 domum
1184 1823 1341 1898 remissi.
1425 1899 1430 1907 .

538 2246 712 2323 CAPVT
742 2245 1022 2324 SEPTIMVM.

396 2431 451 2502 De
471 2427 607 2504 Siculis
621 2431 802 2523 pristinae
823 2428 981 2501 libertati
1000 2431 1182 2501 restitutis.

321 2573 492 2649 Peractis
512 2573 638 2647 statim
658 2572 795 2670 nuptiis
815 2571 982 2646 edixerat
995 2570 1174 2669 Princeps
1193 2567 1340 2658 Siculis,

211 2709 250 2775 nt
271 2701 393 2797 primo
416 2718 560 2793 quoque
579 2703 743 2792 tempore
763 2718 867 2768 arma
886 2704 1073 2792 caperent,
1093 2703 1130 2769 ct
1150 2717 1197 2768 ex
1216 2694 1341 2790 siugu-

213 2826 261 2899 lis
288 2823 445 2900 sedibus
465 2844 543 2897 cum
565 2827 752 2904 vocantur,
773 2819 811 2894 in
831 2818 1340 2917 castraPrincipispropera·

215 2959 312 3028 rent.
335 2947 400 3022 Illi
419 2947 664 3043 cumprimum
676 2945 820 3041 quidem
840 2942 1215 3019 insedeMarnsiensi
1234 2943 1340 3020 coiis-

217 3084 323 3168 seut,
347 3097 504 3170 coepere
524 3073 570 3147 de
589 3071 773 3164 libertate,
795 3093 902 3167 qnam
919 3077 1030 3144 antea
1040 3069 1182 3143 duabus
1201 3067 1340 3143 aPriu-

216 3203 300 3301 cipe
332 3201 487 3292 loanne,
521 3197 793 3296 stephanoque,
832 3195 1099 3270 defectionibus
1128 3193 1339 3280 amiserant,

215 3323 485 3424 recuperanda,
505 3323 681 3420 cogitare,
703 3330 740 3396 et
757 3346 825 3419 pro
845 3342 946 3394 more
965 3320 1089 3415 gentis
1117 3317 1278 3393 ferocius
1296 3341 1338 3392 se

214 3480 310 3552 erga
340 3449 572 3526 nobilitatem
600 3471 742 3543 gerere.
773 3447 830 3520 Ea
854 3469 895 3520 re
914 3444 1064 3540 cognita
1084 3443 1275 3541 Princeps,
1294 3466 1340 3517 ue

213 3589 338 3656 motus
359 3597 482 3652 eorum
511 3576 550 3649 in
577 3574 762 3672 publicum
782 3570 973 3646 dissidium
998 3576 1216 3666 erumperet,
1243 3575 1341 3643 metu

214 3702 425 3782 nobilitatis
452 3700 562 3775 iussit
590 3720 655 3772 eos
684 3698 827 3771 domum
854 3695 988 3770 redire.
1019 3695 1256 3770 Recusavere
1283 3692 1340 3768 illi

213 3830 430 3906 mandatum
466 3824 661 3922 Principis,
700 3832 737 3897 et
773 3823 920 3897 emissis
949 3821 998 3895 ad
1026 3843 1107 3895 eum
1135 3843 1155 3894 e
1188 3839 1338 3894 numero

212 3979 366 4033 suorum
395 3951 556 4042 nunciis,
586 3973 672 4026 sese
700 3949 845 4024 omnino
874 3949 911 4022 in
942 3956 1067 4022 castra
1090 3953 1265 4019 venturos
1302 3951 1340 4017 et

210 4083 361 4160 fidelem
382 4077 546 4175 Principi
563 4098 714 4174 operam
733 4081 936 4150 navaturos
955 4071 1221 4167 significarunt.
1234 4067 1338 4142 Priu-

211 4229 303 4307 eeps
323 4203 458 4303 partim
478 4200 567 4277 belli
586 4201 820 4292 necessitate,
854 4199 987 4296 partim
1015 4217 1104 4271 vero
1134 4202 1339 4292 spontanea

213 4331 426 4410 Siculorum
464 4328 658 4402 alacritate
696 4326 836 4418 ductus,
874 4323 999 4398 missis
1034 4322 1081 4397 ad
1109 4343 1174 4397 eos
1201 4317 1338 4417 legatis

211 4459 441 4536 Balthasare
460 4452 643 4549 Bogathio
662 4449 897 4548 etStephano
918 4447 1062 4537 Toldio,
1082 4443 1337 4544 promptitudi-

212 4610 296 4662 nem
329 4603 454 4656 eornm
483 4578 627 4670 laudat,
658 4585 695 4651 et
722 4584 762 4652 ut
790 4574 959 4651 collectis
988 4572 1035 4648 ad
1063 4594 1167 4646 arma
1201 4568 1337 4643 viritim

212 4710 385 4790 omuibus
405 4706 442 4778 iu
462 4712 587 4778 castra
607 4703 766 4792 veniant,
795 4701 870 4775 illis
891 4701 1011 4780 edicit,
1038 4699 1091 4772 ita
1101 4694 1216 4771 Siculi
1226 4695 1335 4770 nude·
