3625 5534
480 497 571 567 XLII
865 497 1088 568 nuceretum
1103 497 1216 564 iunrr

480 694 655 762 numerat.
678 685 780 762 Idem
799 685 930 761 statuit
947 681 1090 775 Oieero,
1119 682 1214 758 idern
1242 680 1396 769 Fabius,
1423 689 1463 758 et
1478 680 1608 757 idonei

479 811 613 909 quique
641 813 826 906 authores,
845 812 908 911 qui
926 809 1177 911 persuasoriis
1196 807 1433 908 argumentis,
1453 830 1611 906 prover·

479 938 551 1013 biis
570 941 676 1037 quasi
694 939 861 1031 vibratis,
881 939 1023 1015 animos
1051 937 1257 1014 auditorum
1276 938 1386 1035 longe
1405 935 1531 1012 aerius
1550 936 1608 1012 fe·

479 1065 586 1156 riunt,
606 1072 643 1142 et
662 1068 838 1165 quosdam
866 1066 982 1142 veluti
1006 1064 1270 1164 cogitationum
1297 1063 1448 1140 aouleos
1474 1063 1609 1140 menti·

477 1193 547 1268 bus
567 1215 691 1269 eorum
710 1194 844 1269 infixos
864 1191 1086 1290 relinquunt.

585 1317 797 1410 Praeterea,
817 1326 992 1417 quantum
1010 1317 1072 1393 vel
1091 1315 1292 1414 dignitatis,
1311 1315 1374 1390 vel
1393 1313 1607 1391 venustatis

480 1443 683 1540 adiungunt
700 1443 859 1521 orationi
878 1443 1088 1543 proverbia,
1107 1443 1160 1519 ita
1177 1452 1310 1532 tamen,
1330 1441 1364 1516 si
1381 1439 1607 1540 tempestive

481 1569 735 1664 adhibeantur,
754 1571 839 1671 ipsa
858 1571 940 1648 lnee
958 1571 1161 1646 meridiana
1187 1568 1324 1646 elarius
1355 1591 1440 1645 esse
1467 1575 1607 1666 potest

484 1696 634 1792 Adagia
662 1697 756 1773 enim
794 1703 831 1773 et
856 1696 1088 1794 antiquitatis
1114 1720 1181 1774 eeu
1207 1695 1366 1772 stelhdis
1384 1694 1610 1792 quibusdam

476 1821 682 1899 illuminant
701 1823 913 1914 orationem,
932 1830 971 1899 et
989 1821 1104 1898 variis
1121 1823 1323 1920 figurarum
1337 1819 1525 1897 eotombus
1542 1843 1608 1896 ae

477 1956 647 2047 pergunt,
674 1956 711 2026 et
739 1948 958 2027 mirantibus
985 1948 1311 2026 seleotissimarnm
1338 1947 1608 2025 sententiarum

479 2074 675 2171 gemmulis
694 2075 885 2169 adornant,
906 2084 944 2154 et
965 2077 1146 2155 iucundae
1170 2075 1387 2155 festivitatis
1413 2074 1607 2152 illeoebris

476 2211 691 2302 temperant,
711 2203 869 2302 denique
882 2203 1399 2295 novitateexoitantleetores,
1410 2201 1603 2278 brevitate

477 2328 671 2424 delectant,
691 2329 916 2406 authoritate
935 2330 1149 2428 pesuadent
1170 2328 1246 2406 Sed
1264 2330 1336 2407 hoo
1358 2329 1413 2406 ita
1439 2330 1605 2406 futurum

476 2461 545 2546 est,
564 2455 607 2545 si,
628 2457 725 2553 quod
749 2454 979 2533 Aristoteles
998 2457 1044 2532 de
1071 2454 1291 2533 adhibendis
1317 2454 1493 2554 epithetis
1521 2455 1607 2530 dili·

475 2588 606 2676 genter
625 2580 821 2672 admonuit,
840 2581 879 2656 id
896 2603 966 2657 nos
985 2582 1022 2657 in
1039 2583 1264 2680 usurpandis
1282 2580 1428 2678 adagiis
1447 2580 1605 2678 diiigen-

477 2715 534 2781 ter
561 2707 894 2800 observaverimus,
918 2731 1049 2808 nempe
1076 2716 1117 2785 ιι
1142 2709 1220 2786 iltis
1246 2716 1395 2786 utamur
1422 2729 1496 2783 non
1522 2714 1603 2784 tan.

475 2856 584 2930 quam
612 2833 800 2930 ἐᾶισμασι,
828 2833 896 2912 sed
913 2840 1089 2933 tanquam
1117 2833 1322 2934 ridoopaor,
1349 2835 1420 2910 hoe
1437 2842 1606 2927 estnon

474 2964 649 3056 tanquam
676 2956 780 3050 cibis,
818 2958 884 3034 sed
911 2960 1014 3036 velut
1039 2960 1292 3053 nondimentis,
1329 2960 1441 3059 idque
1459 2982 1532 3035 non
1549 2961 1604 3036 ad

477 3083 698 3178 satietatem,
717 3085 785 3162 red
803 3086 853 3162 ad
869 3085 1042 3182 gratiam.
1072 3087 1124 3163 Vt
1150 3087 1246 3162 euim
1263 3086 1348 3179 mel,
1366 3087 1400 3162 si
1418 3092 1604 3201 gustetur,

475 3213 643 3304 deleotat,
673 3213 705 3290 si
725 3213 873 3289 nimium
902 3213 1126 3305 comedatur,
1152 3236 1286 3290 noeere
1304 3214 1420 3291 solet:
1439 3213 1495 3289 ita
1513 3213 1605 3289 den.

473 3338 565 3415 sitas
584 3341 853 3438 paroemiarum
872 3340 1174 3435 obstatinvioem,
1192 3338 1395 3438 quominus
1413 3337 1606 3417 elnoeaut:

472 3487 589 3563 eaque
608 3465 752 3542 ratione
770 3465 822 3559 tit,
853 3473 895 3544 ut
914 3491 996 3545 oum
1015 3476 1080 3544 ant
1096 3467 1298 3560 immodiee,
1319 3475 1384 3543 aut
1401 3466 1604 3566 intempes-

474 3591 549 3666 tive
578 3589 807 3687 adhibentur,
835 3593 997 3688 gratiam
1024 3593 1205 3670 amittant.
1236 3591 1373 3668 Danda
1398 3591 1515 3689 igitur
1541 3603 1604 3671 est

473 3739 598 3816 opera,
617 3725 661 3794 ut
677 3719 876 3815 paraemiis
894 3719 1114 3819 tempestive
1130 3726 1284 3813 ntamm,
1314 3741 1383 3794 neo
1399 3717 1600 3816 quiequam

472 3842 534 3918 hie
550 3844 728 3920 affeotare
745 3843 1073 3943 deprehendamur.
1104 3845 1158 3924 Vt
1183 3846 1279 3922 enim
1306 3867 1380 3921 uon
1399 3845 1597 3922 mediocris

468 3969 612 4047 artificii
633 3979 693 4047 est
721 3968 956 4049 Gemmulam
974 3982 1039 4051 aut
1055 3971 1301 4051 Adamantem
1329 3973 1440 4073 palae
1466 3973 1593 4050 annuli

466 4096 675 4175 includere:
695 4097 748 4175 ita
775 4119 848 4174 non
876 4099 1002 4198 exigui
1028 4100 1170 4198 ingenii
1199 4108 1259 4176 est
1285 4098 1512 4198 paroemiam
1529 4099 1591 4175 de·

468 4231 593 4300 oenter
608 4225 767 4303 orationi
785 4226 963 4303 inserere.

576 4351 782 4445 Postremo,
809 4361 940 4431 utnon
958 4354 1102 4431 uitalia
1125 4351 1405 4452 proverbiorum
1423 4351 1565 4430 utilitas
1585 4378 1596 4425 r

475 4482 575 4552 eerte
593 4475 640 4551 ad
658 4485 758 4555 reete
776 4479 1037 4578 intelligendos
1055 4479 1215 4577 optimos
1232 4501 1400 4578 quosque
1417 4479 1597 4556 authores

475 4622 547 4676 non
567 4601 683 4682 solum
712 4614 867 4706 prosunt
896 4605 1044 4706 adagia,
1072 4604 1276 4682 sedetiam
1303 4605 1448 4682 omuino
1476 4603 1597 4702 requi·
