3625 5534
498 469 578 544 274
904 491 952 541 10.
975 490 1081 540 nucu
1099 489 1249 542 eunoun

502 664 636 741 Czafer
654 666 778 741 Bassa
805 686 886 738 eum
904 666 982 740 XX
1001 664 1162 740 millibus
1182 665 1435 740 Ianizarorum
1466 673 1503 741 et
1521 666 1610 742 Tar·

496 802 668 885 tororum,
688 815 732 866 ac
750 790 866 867 XXX
885 793 1076 867 tormentis
1107 801 1364 890 occupaverat.
1386 791 1470 868 Huc
1497 796 1610 869 nostri

494 921 687 1018 progressi
706 927 799 1009 sunt,
824 918 917 994 etin
937 921 1075 1019 campis
1096 919 1468 996 Keresutesiensibus
1488 929 1610 996 castra

493 1055 704 1148 posueruut,
725 1068 767 1121 eo
788 1047 918 1140 animo,
939 1055 977 1122 ut
996 1048 1187 1123 Barbaros
1197 1047 1356 1123 transitu
1367 1047 1612 1143 prohiberent,

496 1179 556 1252 vel
574 1177 606 1251 si
624 1177 677 1250 ita
696 1197 737 1250 se
756 1175 903 1249 occasio
925 1173 1038 1269 daret,
1059 1198 1188 1252 manus
1208 1199 1289 1250 cum
1300 1175 1347 1250 iis
1367 1185 1610 1252 consererent.

494 1302 671 1394 Quamvis
690 1299 963 1375 Maximilianus
981 1299 1172 1378 Archidux
1192 1327 1215 1377 a
1234 1325 1360 1401 pugna
1378 1325 1534 1400 prorsus
1551 1303 1610 1377 ab

493 1429 677 1521 horrebat,
696 1437 732 1502 et
751 1426 787 1500 id
806 1449 847 1501 se
867 1427 1045 1503 duntaxat
1062 1428 1099 1502 in
1118 1430 1301 1505 mendatis
1321 1431 1367 1504 ab
1378 1430 1610 1527 Imperatore

492 1558 608 1631 fratre
644 1553 782 1630 habere
820 1552 985 1646 dicebat,
1012 1563 1052 1629 ut
1080 1555 1269 1630 Barbaros
1306 1555 1418 1630 latius
1445 1553 1612 1650 grassari

497 1682 727 1782 prohiberet,
756 1681 1006 1777 abeuntesque
1027 1691 1205 1777 carperet.
1245 1681 1380 1756 Audito
1404 1689 1611 1759 nostrorum
1729 1747 1730 1772 ,

495 1809 655 1886 adventu
673 1807 900 1882 Mahometes
922 1803 1065 1883 Caesar
1083 1830 1155 1883 non
1174 1833 1303 1907 parum
1323 1808 1551 1898 extimuisse,
1579 1817 1612 1882 et

495 1937 618 2011 statim
638 1935 794 2009 militare
823 1932 1015 2008 concilium
1033 1934 1214 2010 indixisse
1241 1935 1368 2010 fertur.
1397 1936 1455 2008 Eo
1485 1959 1611 2011 convo-

498 2072 579 2138 cato
600 2061 842 2159 disceptatum
868 2067 935 2152 est,
964 2068 1081 2137 utrum
1102 2084 1242 2136 summa
1268 2060 1322 2136 rei
1349 2060 1493 2159 praelio
1523 2087 1612 2138 com·
1729 2103 1730 2160 3

494 2187 668 2265 mittenda
686 2186 884 2274 videretur,
905 2209 953 2258 an
973 2208 1061 2262 vero
1083 2186 1202 2282 Agris
1222 2187 1269 2262 ad
1279 2188 1539 2264 sustinendam
1553 2189 1611 2262 ob·
1729 2193 1730 2250 t

495 2315 673 2391 sidionem
683 2311 886 2403 obfirmata,
906 2335 986 2387 cum
1002 2314 1118 2409 copiis
1131 2315 1366 2390 redeundum.
1387 2315 1507 2406 Quum
1527 2315 1610 2390 mul·
1729 2331 1730 2374 ἐ

494 2450 533 2517 ta
550 2443 588 2516 iu
606 2450 797 2538 utramque
814 2447 958 2536 partem
978 2439 1185 2540 disceptata
1204 2442 1372 2538 fuissent,
1402 2450 1440 2517 et
1456 2441 1612 2540 ipsemet
1729 2445 1730 2458 ’

500 2593 643 2668 qnoque
664 2565 806 2642 Caesar
825 2591 896 2642 non
916 2569 1109 2644 obscuram
1141 2569 1282 2644 timoris
1309 2570 1612 2666 significationem
1729 2601 1730 2628 r

495 2696 583 2770 dare
602 2694 798 2784 videretur,
816 2715 910 2768 unus
930 2718 975 2768 ex
1004 2693 1235 2794 Purpuratis,
1255 2696 1357 2772 senio
1381 2697 1453 2770 iam
1486 2696 1612 2770 multa·
1729 2727 1730 2772 3

499 2844 568 2920 que
587 2819 720 2896 canitie
740 2820 901 2895 obsitus:
931 2821 1014 2917 Ego
1034 2844 1133 2916 vero,
1162 2821 1289 2920 inquit,
1309 2823 1425 2898 hactc
1444 2820 1612 2899 molestia

493 2949 602 3024 animi
622 2947 845 3042 deliberabo,
866 2970 1017 3045 cumque
1028 2949 1065 3022 in
1084 2949 1206 3024 multis
1216 2949 1333 3047 patris
1354 2949 1415 3037 tui,
1435 2949 1511 3042 avi,
1531 2949 1611 3024 aba

491 3076 599 3174 vique
617 3074 726 3150 bellis
744 3082 914 3149 versatus
934 3075 1012 3168 sim,
1048 3100 1128 3151 eam
1153 3100 1233 3151 cum
1259 3077 1343 3150 aliis
1371 3075 1613 3151 belliducibus

495 3202 591 3276 viam
611 3209 648 3275 et
666 3201 845 3276 rationem
865 3203 1100 3298 excogitabo.
1131 3227 1203 3300 qua
1221 3209 1344 3279 tantus
1373 3203 1434 3277 hic
1462 3210 1501 3277 ct
1528 3200 1611 3276 talis

499 3305 788 3424 Christianorum
819 3328 1001 3402 exercitus
1038 3351 1109 3402 non
1143 3327 1339 3402 difficulter
1366 3327 1551 3402 debellari
1578 3333 1612 3400 et

499 3453 672 3552 dissipari
695 3452 824 3551 possit.
865 3452 1136 3544 Quaerentibus
1165 3455 1312 3530 ceteris:
1351 3478 1532 3552 quaenam
1570 3476 1613 3528 ea

497 3587 597 3655 essct
614 3579 727 3656 ratio:
756 3581 839 3674 Ego
859 3603 957 3670 vero,
977 3581 1103 3677 inquit,
1124 3583 1317 3656 multorum
1342 3581 1522 3656 bellorum
1540 3580 1610 3653 iam

497 3707 761 3806 experientiam
780 3707 910 3794 habeo,
930 3717 1163 3806 perspectam
1182 3732 1262 3783 eam
1279 3730 1363 3782 esse
1378 3706 1612 3804 Vngarorum

495 3842 532 3908 et
556 3831 823 3908 Germanorum
843 3834 1093 3932 rapacitatem,
1124 3836 1359 3934 praedaeque
1389 3834 1612 3922 aviditatem,

493 3969 532 4035 ut
550 3982 732 4055 nunquam
752 3958 906 4050 facilius,
937 3984 1044 4057 quarn
1065 3985 1131 4059 spe
1151 3960 1370 4059 praedarum
1390 3968 1500 4057 atque
1521 3957 1612 4035 lucri

491 4086 604 4162 veluti
625 4085 747 4183 pisces
766 4085 873 4160 hamo
892 4085 976 4185 capi
994 4087 1147 4183 possint.
1168 4085 1327 4161 Proinde
1346 4086 1514 4183 equidem
1534 4109 1611 4161 cen·

491 4236 620 4304 serem,
641 4210 804 4287 Caesare
822 4214 861 4287 in
879 4212 1016 4289 tutiora
1038 4214 1204 4309 deducto,
1234 4217 1288 4291 ita
1316 4214 1431 4290 aciem
1449 4215 1487 4289 in
1507 4211 1612 4290 Chri·

491 4339 630 4414 stianos
650 4338 768 4435 dirigi,
788 4346 827 4414 ut
846 4340 931 4414 dato
951 4363 1096 4438 pugnae
1108 4341 1227 4438 signo,
1241 4341 1273 4415 si
1287 4341 1528 4434 vincerentur,
1549 4364 1612 4416 eos

497 4465 593 4540 omni
612 4465 749 4561 impetu
766 4488 1090 4563 persequeremur:
1111 4468 1169 4542 sin
1189 4475 1310 4543 autem
1326 4467 1443 4543 nostri
1462 4466 1611 4544 inclina·

498 4599 633 4679 rentur,
662 4589 699 4663 in
719 4601 843 4666 castra
862 4615 903 4666 se
926 4593 1143 4691 reciperent,
1173 4617 1288 4692 eaque
1317 4595 1413 4670 omni
1442 4617 1551 4692 opum
1569 4617 1612 4670 ac

495 4738 615 4790 rerum
633 4715 877 4813 pretiosarum
906 4743 1043 4814 genere
1071 4720 1239 4818 exposito
1266 4718 1431 4817 praedae
1445 4719 1613 4798 hostibus
