3625 5534
489 541 539 591 nn
557 540 638 591 sss.
657 540 742 592 vua.
761 541 844 592 nnc.
863 541 899 592 x.
919 541 953 593 u.
974 540 1010 591 1.
1116 577 1121 584 .
1236 515 1312 594 267

195 713 348 788 meliora
376 722 542 809 tempora
570 721 817 790 reservarent.
858 714 987 811 Itaque
1012 713 1194 812 direptam
1212 713 1316 811 prius

195 858 318 913 arcem
328 838 537 930 incendunt,
554 839 773 915 acsubiecto
782 841 937 937 pulvere
948 839 1187 916 tormentatio
1197 838 1320 915 huoil-

194 960 464 1054 lucdisiicinnt,
481 963 535 1038 ita
545 970 586 1038 ut
595 963 659 1039 vix
668 963 803 1039 rudera
812 961 969 1062 amptius
980 971 1214 1062 apparerent.
1232 963 1321 1042 Mox

196 1083 444 1183 Agriensibns
465 1065 608 1164 domum
627 1112 708 1165 cum
728 1088 1096 1186 additovugarorum
1118 1085 1323 1166 Germano·

196 1233 348 1310 rumque
367 1213 554 1311 praesidio
573 1213 628 1290 ire
647 1215 773 1307 iussis,
793 1222 938 1290 ceteras
958 1214 1087 1312 copias
1103 1213 1323 1290 Maximilia·
1419 1214 1425 1224 '

200 1335 435 1413 nusVacium
454 1338 612 1431 reduxit,
625 1346 663 1414 ct
681 1362 762 1414 cnm
772 1336 891 1414 altero
902 1331 1108 1437 (exercitu),
1119 1337 1181 1435 qui
1198 1337 1250 1413 ibi
1267 1359 1325 1414 re·

202 1458 360 1550 ridebat,
381 1463 579 1538 coniunxit.
608 1461 817 1560 Agrienses
835 1463 979 1539 domum
1007 1485 1115 1559 qnam
1135 1461 1325 1538 celerrime

197 1586 351 1677 reversi,
379 1587 554 1683 coniuges
582 1611 628 1662 ao
655 1589 796 1664 liberos
816 1611 899 1664 cum
917 1587 1138 1685 pretiosiore
1159 1588 1323 1664 fortuna·

196 1731 276 1785 rum
304 1710 476 1805 partein
504 1712 641 1787 tutiora
670 1714 858 1809 ablegant,
885 1711 961 1810 ipsi
989 1733 1030 1788 se
1051 1712 1102 1786 ad
1120 1719 1320 1790 extremum

198 1833 299 1910 vitae
325 1835 528 1933 mortisque
560 1834 756 1912 discrimen
784 1837 1011 1912 subeundum
1045 1857 1186 1911 summa
1210 1835 1322 1914 animi

198 1959 448 2036 obstinatione
468 1969 692 2059 comparant.
710 1961 852 2036 Missus
871 1983 916 2037 eo
934 1961 1004 2037 fuit
1031 1959 1214 2036 Tarszins
1235 1980 1317 2039 cum

197 2084 306 2174 Italis
326 2103 371 2160 ac
391 2081 589 2160 Germanis
608 2094 646 2160 et
668 2085 770 2161 mille
789 2085 1048 2185 sclopetariis3
1077 2085 1165 2161 item
1184 2081 1321 2163 Comes

196 2210 360 2288 Ioannes
371 2208 533 2288 Iacobus
553 2210 717 2288 aTburn
735 2233 816 2287 cnm
834 2212 954 2288 tribus
973 2209 1134 2308 peditum
1145 2207 1319 2286 millibus.

643 2460 861 2472 ...a-*um

490 2655 665 2736 CAPVT
701 2654 1033 2735 VNDECIMVM.

231 2817 289 2892 De
308 2819 425 2915 Apris
443 2842 468 2890 a
489 2817 617 2889 'Parcis
636 2816 786 2908 obsesso,
807 2829 915 2913 atque
933 2819 1042 2890 etiam
1061 2827 1279 2914 eapnqaotas

307 2977 517 3077 Antequam
546 2973 691 3052 Caesar
737 2977 772 3052 T
773 2999 947 3052 arcarum
982 2977 1250 3072 expeditionem
1287 2978 1325 3053 in

202 3101 409 3200 Vagarism
443 3102 684 3198 suscepisset,
714 3101 905 3175 concilium
933 3101 1092 3176 militare
1112 3098 1322 3177 Constanti·

199 3228 327 3329 nopoli
380 3227 585 3319 indixerat,
639 3234 677 3301 et
714 3247 905 3323 quemnam
953 3225 1026 3300 sibi
1080 3226 1322 3322 profectionis

202 3375 353 3452 scopum
379 3359 632 3451 proponeret,
661 3373 743 3427 cum
766 3348 976 3448 praecipuis
1005 3349 1211 3449 quibusque
1235 3373 1321 3450 pnr-

198 3477 340 3575 puratis
377 3477 662 3552 deliberaverat.
709 3473 829 3565 Quum
857 3476 971 3550 multa
1016 3474 1112 3550 ultro
1149 3475 1317 3574 nitroque

197 3603 233 3678 in
253 3602 411 3678 medinm
430 3599 578 3698 prolata
596 3602 764 3691 fuissent,
784 3600 932 3676 tandem
950 3599 1040 3675 vicit
1057 3600 1152 3676 haee
1170 3601 1207 3676 in
1223 3599 1318 3678 Gou-

198 3725 284 3803 eilio
314 3726 509 3818 sententia,
536 3735 578 3802 ut
602 3733 707 3802 recta
731 3723 850 3821 Agria
876 3732 1074 3820 peteretur,
1103 3749 1177 3823 qna
1203 3725 1242 3800 in
1259 3747 1323 3824 po·

197 3858 368 3928 testatem
386 3850 550 3938 redacta,
569 3851 708 3926 nullum
727 3852 809 3926 iore
828 3850 987 3948 amplius
1014 3848 1321 3948 impedimentum,

198 3978 391 4076 quominus
408 3983 489 4053 tota
507 3977 677 4072 Vugaria
705 3983 959 4076 occuparetur,
987 3981 1025 4050 et
1047 3973 1322 4074 Transylvanis

197 4103 244 4178 ab
273 4124 343 4198 ope
364 4099 565 4177 Germanis
593 4101 750 4178 ferenda
787 4099 998 4194 distractis,
1035 4099 1137 4175 unllo
1174 4101 1323 4198 negotio

198 4223 376 4302 Germani
393 4227 686 4302 retunderentur.
724 4228 827 4302 Inter
859 4225 934 4300 alia
957 4247 1037 4298 oum
1055 4225 1323 4323 inexpugnabi-

199 4351 268 4427 lem
290 4373 375 4427 esse
391 4351 552 4448 -Agriam
582 4361 617 4428 et
646 4351 842 4427 durissimo
871 4373 965 4426 saxo
984 4349 1254 4426 inaedificatam
1274 4350 1325 4424 di·

202 4485 356 4570 caretur,
378 4474 521 4552 Gaesar
541 4477 749 4575 quaesiisse
782 4500 829 4553 ex
847 4475 920 4549 loci
940 4475 1019 4550 eius
1038 4475 1169 4572 peritis
1188 4475 1324 4551 fertur:

204 4603 301 4680 Num
319 4611 394 4679 tam
414 4604 542 4680 durum
562 4605 612 4679 sit
630 4626 762 4679 saxum
779 4601 882 4696 illud,
906 4625 955 4676 ex
974 4623 1045 4698 qno
1073 4601 1233 4697 singulis
1253 4602 1327 4677 die·

202 4730 269 4805 bns
296 4736 401 4806 tanta
426 4729 611 4828 particula
639 4728 759 4804 decidi
786 4733 959 4825 nequeat,
996 4732 1135 4828 quanta
1163 4747 1325 4830 pugnum
