3625 5534
522 476 600 551 306
906 499 954 547 10.
975 498 1073 549 nucu
1092 500 1240 551 eunoun

518 680 664 770 temque
682 674 779 748 vitae
798 696 876 747 cum
900 673 1121 749 iucunditate
1141 676 1367 749 coniunctam
1386 677 1518 749 sectati
1537 678 1628 749 sint:

520 822 591 895 ego
610 823 698 874 vero
727 800 774 874 ob
793 800 977 898 publicam
996 800 1140 898 patriae
1161 801 1316 877 salutem
1336 802 1373 875 id
1391 803 1536 875 fariam.
1557 804 1628 875 Ile-

517 926 626 1023 nique
652 947 726 999 non
755 925 900 1023 disputo
928 927 1303 1025 inpraesentiarum,
1340 952 1411 1025 quo
1440 930 1518 1003 iure
1545 930 1628 1001 olim

520 1052 797 1157 Transylvania
824 1054 872 1127 ab
891 1053 1061 1146 Vngaria
1088 1054 1137 1127 sit
1155 1053 1310 1145 divulsa,
1341 1076 1460 1151 quare
1489 1056 1628 1129 ration·

518 1176 721 1273 Principes,
740 1177 802 1275 qni
820 1201 878 1253 me
895 1178 933 1252 in
952 1180 1218 1277 gubernatione
1232 1190 1527 1278 praecesserunt,
1546 1204 1630 1277 pro-

516 1305 672 1378 vinciam
699 1303 796 1379 haue
815 1305 1073 1400 gubernarint:
1103 1304 1173 1381 hoo
1199 1315 1339 1382 tautum
1366 1306 1449 1379 dico
1475 1314 1513 1379 et
1530 1329 1631 1379 asse

516 1454 616 1522 vero,
635 1429 948 1529 Transylvaniam
975 1432 1059 1507 inde
1086 1454 1203 1529 usque
1231 1434 1279 1507 ab
1308 1433 1410 1509 initio
1429 1430 1630 1527 legitimum

518 1580 676 1633 coronae
705 1555 898 1654 Vngariae
931 1559 1128 1633 membrum
1157 1560 1336 1635 extitisse.
1391 1557 1488 1649 Quid
1516 1558 1630 1654 iniqui

514 1683 627 1779 igitur
645 1705 730 1759 esse
746 1692 878 1781 potest,
899 1684 933 1759 si
952 1707 1024 1782 quo
1044 1694 1153 1760 antea
1171 1686 1252 1784 ipso
1270 1686 1349 1761 iure
1368 1684 1554 1782 pertinuit,
1574 1708 1630 1757 eo

516 1810 597 1885 dem
607 1833 681 1884 non
690 1811 803 1884 armis
817 1833 861 1885 ac
871 1812 1056 1898 violentia,
1068 1812 1133 1887 sed
1144 1812 1221 1887 iure
1231 1812 1465 1909 legitimaque
1483 1812 1629 1885 ratione

513 1936 721 2029 reducatur,
750 1943 788 2011 ct
818 1937 916 2033 quod
944 1939 1056 2013 armis
1085 1963 1108 2013 a
1136 1961 1275 2014 summo
1296 1936 1496 2013 Christiani
1527 1938 1628 2010 orbis

515 2058 719 2138 Monarcha
737 2064 859 2160 repeti
884 2073 1023 2163 posset,
1054 2066 1092 2139 id
1119 2066 1293 2161 legitimis
1320 2066 1440 2165 pactis
1464 2064 1629 2159 legitimo

514 2190 724 2288 possessori
742 2190 987 2266 restituatur?
1005 2192 1185 2290 Equidem
1212 2217 1280 2291 per
1298 2200 1456 2268 aetatem
1474 2191 1567 2265 mihi
1585 2190 1628 2262 iis

514 2317 626 2391 rebus
643 2316 824 2390 interesse
842 2338 915 2390 non
934 2318 1044 2393 licuit
1074 2319 1211 2393 Verum
1235 2341 1306 2393 non
1326 2318 1450 2394 dubito
1470 2316 1628 2415 complu-

513 2466 576 2517 res
595 2466 642 2517 ex
660 2442 766 2517 vobis
786 2464 870 2517 esse
894 2444 974 2517 eius
993 2444 1139 2536 aetatis,
1168 2444 1229 2541 qui
1257 2451 1295 2519 et
1321 2445 1563 2520 meminerunt
1592 2456 1625 2517 et

514 2570 757 2645 interfuerunt
775 2569 897 2644 unioni
917 2568 982 2661 illi,
1002 2592 1110 2666 quam
1125 2570 1244 2647 Divus
1263 2573 1422 2647 Ioannes
1433 2569 1623 2645 Secundus

515 2696 681 2792 agitavit,
712 2695 796 2770 dum
824 2703 925 2771 esset
952 2699 992 2772 in
1019 2698 1126 2791 vivis,
1155 2698 1222 2773 sed
1249 2708 1365 2775 morte
1390 2708 1624 2798 praeuentus

512 2822 560 2896 ad
578 2822 790 2897 umbilicum
809 2823 1009 2921 perducere
1037 2848 1109 2900 non
1128 2823 1254 2923 potuit.
1283 2823 1438 2901 Possem
1457 2824 1624 2921 equidem

377 2976 382 2985 ·
513 2957 551 3023 et
569 2949 696 3049 plures
714 2949 822 3024 huius
848 2952 919 3026 mei
939 2952 1082 3027 consilii
1108 2953 1269 3029 rationes
1289 2955 1433 3043 afferre,
1462 2952 1626 3027 sedeam

514 3076 673 3174 sapienti
691 3059 976 3176 uniuscuiusque
995 3086 1157 3155 vestrum
1175 3079 1308 3154 iudicio
1327 3078 1548 3175 cogitandas
1564 3097 1627 3150 eas

511 3203 725 3301 relinquam,
743 3203 779 3277 ei
795 3202 917 3295 labori
926 3203 1188 3303 supersedebq.
1210 3204 1317 3297 Quod
1345 3214 1528 3303 superest,
1549 3206 1625 3279 scio
1715 3258 1716 3295 ,

512 3351 569 3401 me
588 3329 634 3401 ob
653 3329 871 3427 multiplices
890 3330 1062 3406 iuvenilis
1080 3333 1215 3407 aetatis
1233 3354 1371 3408 naevos
1396 3340 1472 3407 tam
1489 3332 1624 3430 impru-

513 3451 645 3547 dentia,
684 3478 793 3551 quam
821 3456 904 3531 aliis
932 3457 1049 3533 modis
1077 3458 1192 3534 multu
1215 3458 1426 3556 deliquisse,
1466 3458 1622 3556 quaein

512 3603 650 3656 summo
685 3582 756 3657 boe
785 3584 937 3681 fastigio
967 3585 1158 3681 dignitatis
1184 3582 1264 3661 ficri
1292 3585 1436 3660 minime
1456 3584 1624 3660 debcant.

512 3704 586 3782 Sed
604 3730 685 3782 cum
705 3707 743 3782 in
764 3709 803 3784 id
837 3732 983 3808 semper
1010 3734 1091 3787 meo
1119 3711 1263 3810 quidem
1291 3710 1423 3787 iudicio
1460 3710 1626 3785 omuibus

510 3834 636 3909 nervis
655 3834 734 3910 dies
762 3844 873 3933 atquc
896 3844 1023 3912 noctes
1041 3836 1277 3933 incubuerim,
1304 3846 1345 3914 nt
1362 3836 1490 3913 Divini
1516 3834 1627 3911 nomi·

509 3961 568 4035 nis
587 3958 710 4057 gloria
727 3970 1017 4061 promoveretur,
1038 3966 1217 4062 saluaque
1235 3964 1359 4063 patria
1387 3971 1491 4039 sarta
1515 3969 1623 4037 tecta·
1714 4002 1715 4047 3

509 4111 581 4185 que
598 4096 781 4165 maneret:
810 4114 966 4188 aequum
984 4099 1083 4167 certe
1101 4090 1222 4179 fuerit,
1240 4099 1281 4167 ut
1309 4090 1342 4165 si
1370 4088 1456 4187 quid
1475 4098 1623 4187 praeter
1714 4074 1715 4115 ³

510 4237 614 4313 spem
632 4224 793 4293 vestram
812 4217 989 4309 evenerit,
1009 4218 1047 4292 id
1064 4215 1153 4293 milri
1172 4217 1243 4293 hac
1259 4216 1523 4313 borabenigue
1541 4238 1624 4289 con-

510 4342 664 4417 donetis.
684 4341 725 4417 Si
744 4343 826 4442 quis
840 4343 929 4419 milri
947 4344 1106 4437 obiiciat,
1125 4344 1281 4449 rigidius
1291 4365 1359 4437 mc,
1383 4366 1428 4419 ac
1446 4342 1623 4418 severius.

510 4492 618 4567 quam
636 4470 732 4544 forte
751 4470 947 4563 decuisset,
966 4468 1155 4569 imperium
1174 4468 1404 4543 exercuisse:
1422 4467 1462 4542 id
1479 4467 1623 4565 quidem

509 4620 581 4674 non
601 4597 768 4689 diffiteor,
798 4598 863 4673 sed
892 4598 1036 4673 interim
1064 4598 1180 4673 iustas
1199 4596 1271 4673 mci
1299 4596 1442 4671 consilii
1462 4596 1623 4670 rationes

508 4722 637 4798 habeo.
657 4723 926 4800 Praevidebam
945 4726 1051 4817 enim,
1072 4748 1117 4798 ao
1134 4724 1217 4821 ipsa
1241 4746 1282 4798 re
1305 4720 1621 4821 deprehendebarr
1713 4714 1714 4733 ³
