3625 5534
469 476 546 554 124
865 499 914 549 ro.
933 499 1032 548 ouen
1048 497 1195 547 snsovu

467 701 562 753 mum
597 687 790 776 tyrannum
811 684 1023 777 sumpturus
1036 681 1110 761 est,
1138 678 1272 769 sponte
1302 673 1410 747 nobis
1440 673 1592 762 auxilia,

468 811 577 900 atque
605 803 845 898 patrocinium
878 793 1084 902 pollicetur,
1122 820 1263 894 nosque
1300 799 1338 871 in
1376 798 1593 874 societatem
1729 798 1730 817 ¹

467 930 565 1004 sacri
584 926 692 1003 huius
711 929 800 1004 belli
829 929 986 1005 sollicite
1013 924 1153 1001 invitat.
1189 922 1287 1014 Quid
1314 924 1347 998 si
1375 922 1470 999 hanc
1489 947 1593 1000 occa·
1729 974 1730 1011 r

467 1055 607 1130 sionem
644 1055 892 1148 amiserimus,
938 1051 1142 1147 iuratisque
1189 1046 1396 1124 Christiani
1432 1051 1593 1125 nominis
1729 1072 1730 1093 ³

467 1180 636 1255 hostibus
655 1181 788 1278 potius,
804 1197 918 1278 ‘quam
929 1176 1163 1271 Christianis,
1184 1200 1229 1250 ac
1248 1175 1592 1270 iratribusnostris,
1729 1182 1730 1245 l

466 1329 558 1403 quos
577 1305 705 1381 eadem
733 1307 935 1404 religionis,
966 1326 1116 1397 morum,
1135 1301 1294 1400 patriae,
1324 1309 1436 1398 atque
1454 1325 1593 1397 cogno

465 1431 575 1507 tionis
595 1431 756 1506 societas
785 1432 893 1507 nobis
922 1428 1120 1520 coniunxit,
1149 1426 1444 1516 adhaeserimus,
1464 1427 1592 1502 videte
1729 1430 1730 1457 l

466 1558 576 1632 etiam
595 1563 704 1651 atque
715 1555 835 1646 etiam,
851 1579 897 1629 ne
909 1553 1123 1652 pertinacia,
1133 1559 1243 1649 atque
1253 1552 1388 1627 mutuis
1397 1553 1593 1627 simultati·
1729 1636 1730 1641 ,

465 1685 534 1758 bus
544 1682 581 1756 in
591 1705 672 1756 eam
682 1683 866 1758 fortunam
877 1681 1125 1765 deveniamus,
1143 1686 1184 1754 ut
1193 1678 1292 1775 quod
1300 1702 1396 1753 nunc
1407 1676 1592 1754 Christis·
1729 1688 1730 1777 ζ

465 1830 536 1881 nus
566 1805 666 1881 orbis
712 1815 843 1903 sponte
881 1806 989 1881 nobis
1019 1805 1066 1879 ad
1086 1803 1349 1900 defensionem,
1369 1826 1414 1878 ac
1433 1806 1593 1881 salutem
1729 1790 1730 1847 l

465 1933 609 2034 patriae
636 1941 787 2008 nostrae
806 1940 972 2009 amanter
992 1933 1112 2025 offert,
1141 1931 1180 2004 id
1206 1931 1447 2028 imposterum
1474 1931 1592 2006 inani-

465 2063 534 2137 bus
552 2059 737 2156 lacrymis,
763 2084 806 2135 ac
839 2060 1012 2158 precibus
1041 2080 1125 2132 sero
1153 2057 1313 2147 tandem,
1343 2078 1388 2130 ae
1405 2056 1515 2132 irrito
1534 2079 1591 2132 co-
1729 2048 1730 2053 ‘

336 2247 340 2257 .
465 2195 553 2262 natu
571 2187 619 2260 ab
639 2209 683 2261 eo
703 2194 829 2284 petere
857 2205 1041 2281 cogamur.
1070 2183 1132 2256 Me
1161 2183 1306 2279 quidem
1335 2205 1417 2256 eum
1442 2203 1592 2281 semper

464 2310 674 2409 Principem
695 2311 899 2403 habebitis,
925 2311 987 2405 qui
1016 2317 1054 2383 et
1073 2285 1199 2383 vivere
1217 2309 1420 2400 vobiscum,
1440 2316 1479 2383 ct
1497 2311 1591 2386 mori

465 2437 754 2535 quandocunque
774 2436 979 2511 necessitas
1006 2435 1060 2508 ita
1087 2435 1223 2524 tulerit,
1242 2434 1507 2533 paratissimus
1527 2437 1588 2511 sit.

469 2563 611 2638 Habuit
631 2561 726 2636 hauc
745 2563 948 2636 orationem
968 2561 1141 2660 princeps
1159 2585 1297 2658 magna
1325 2585 1407 2636 cum
1426 2563 1587 2638 omnium

465 2687 717 2779 admiratione,
739 2697 776 2763 et
794 2689 995 2763 attentione
1015 2688 1119 2779 adeo,
1138 2695 1178 2762 ut
1187 2711 1268 2763 cum
1284 2711 1468 2786 nunquam
1478 2697 1591 2765 antea

463 2815 610 2914 publice
629 2816 772 2890 locutus
791 2814 935 2903 luisset,
954 2813 1079 2888 multis
1088 2811 1176 2888 tunc
1186 2815 1349 2889 cordatis
1367 2814 1591 2902 hominibus,

465 2940 598 3040 partim
616 2941 775 3015 facunda
794 2940 976 3015 sermonis
995 2939 1122 3031 nativi,
1143 2940 1323 3037 latinique
1341 2940 1476 3037 gratia,
1506 2966 1590 3041 par-

465 3069 529 3142 tim
556 3068 767 3142 veneranda
808 3068 966 3166 quadam
1004 3067 1128 3142 vultus
1165 3067 1370 3161 alacritate,
1398 3068 1589 3167 lacrymas

465 3221 555 3296 prae
574 3197 685 3272 tacito
704 3197 839 3294 gaudio
867 3196 1085 3270 excusserit.
1116 3193 1316 3291 Postquam
1344 3196 1457 3292 igitur
1482 3194 1589 3286 haec,

464 3331 575 3419 atque
594 3324 652 3397 his
671 3321 806 3399 similia
825 3322 911 3414 alia,
930 3321 1089 3395 maximo
1118 3345 1199 3397 cum
1227 3323 1385 3397 omnium
1412 3322 1450 3396 in
1468 3345 1514 3397 se
1533 3345 1591 3398 or·

463 3447 584 3524 diuum
612 3470 735 3530 amore
761 3447 799 3523 in
828 3447 985 3523 medium
1014 3448 1133 3544 gravi,
1161 3468 1278 3544 caque
1306 3447 1478 3522 continua
1506 3470 1591 3524 ora·

461 3573 561 3649 tione
579 3573 808 3672 protulisset:
835 3574 1018 3650 Proceres
1046 3593 1114 3669 pro
1138 3578 1244 3648 tanta
1272 3572 1351 3648 eius
1368 3573 1407 3646 in
1425 3574 1588 3670 patriam

463 3721 562 3791 cura,
581 3722 626 3773 ac
644 3706 801 3797 paterna
820 3698 1024 3790 affectione,
1043 3697 1188 3793 gratias
1198 3698 1232 3771 ei
1242 3696 1453 3793 singulares
1462 3721 1589 3795 egere,

463 3832 501 3901 et
519 3824 689 3921 quoniam
708 3825 801 3900 tanti
820 3824 989 3899 momenti
1011 3831 1114 3899 esset
1131 3823 1225 3898 haee
1244 3823 1475 3915 deliberatio,
1494 3834 1587 3902 tem-

462 3973 531 4048 pus
549 3949 587 4024 in
615 3950 773 4026 medinm
802 3947 1017 4026 consulendi
1045 3950 1211 4049 petivere
1240 3949 1359 4042 simul,
1388 3974 1434 4024 ac
1451 3950 1584 4050 impet·

469 4098 612 4152 rovere.
641 4079 700 4153 lta
719 4077 884 4177 principe
902 4078 940 4152 in
958 4077 1135 4153 interiora
1154 4100 1195 4152 se
1209 4076 1341 4176 palatii
1370 4077 1587 4176 recipiente,

465 4223 532 4276 sua
551 4201 705 4300 quisque
730 4202 937 4280 diversoria
964 4202 1138 4301 petivere,
1169 4225 1323 4300 eumque
1350 4200 1447 4276 diem
1475 4204 1588 4280 seriis

462 4327 791 4404 deliberationibus
810 4337 1039 4426 transegere.
1072 4326 1228 4403 Postero
1258 4328 1318 4403 die
1336 4328 1483 4403 collatis
1503 4351 1589 4404 sen·

461 4453 597 4546 tentiis,
636 4455 920 4552 convocatisque
939 4453 1115 4546 consiliis,
1133 4453 1403 4551 responderunt
1421 4450 1588 4530 Ordines

462 4580 594 4676 Regni,
614 4583 741 4656 eodem
761 4582 971 4669 convocati,
988 4604 1058 4679 per
1086 4583 1261 4656 Ioannem
1291 4580 1421 4672 Ferro,
1448 4604 1586 4677 nequa-

468 4729 574 4804 quum
588 4707 856 4804 idedignitate
876 4733 990 4808 reque
1002 4707 1187 4806 Principis
1197 4708 1287 4799 fore,
1306 4716 1347 4782 ut
1364 4728 1491 4783 omnes
1509 4710 1586 4784 siu·
