3625 5534
450 482 499 530 nn
517 482 597 534 aaa.
617 481 701 535 vno.
721 480 803 532 ono.
833 481 869 534 x.
887 482 922 532 u.
944 483 995 535 nr.
1258 457 1310 535 53

191 657 351 731 calculum
378 679 525 746 vocare,
553 655 750 753 apparebit
777 656 915 746 statim,
944 680 1012 731 nee
1040 655 1133 730 adeo
1161 657 1307 730 immen-

187 805 252 866 sas,
287 804 419 878 neque,
458 782 511 856 uti
525 780 675 875 uulgus
703 789 818 878 putat,
847 781 993 856 omnino
1024 781 1179 857 invictas
1209 805 1305 858 csse.

195 910 300 1001 Bella,
319 917 356 983 et
373 916 514 1007 pestes,
526 907 758 1003 quantumuis
779 930 998 984 numerosas
1018 915 1148 1004 gentes
1168 908 1305 984 exhau-

195 1032 290 1109 riunt.
308 1033 414 1108 Haeo
435 1031 667 1107 continenter
694 1032 775 1105 iere
794 1032 891 1106 inter
910 1055 974 1108 eos
993 1042 1223 1131 grassantur,
1244 1035 1304 1111 de·

187 1160 403 1258 populantur
420 1159 607 1254 regiones,
637 1159 823 1255 urbesque
850 1157 1025 1255 ipsorum.
1064 1159 1161 1235 Belli
1190 1162 1302 1236 etiam

194 1284 285 1359 nulla
302 1291 359 1358 est
378 1283 615 1374 intermissio,
652 1305 748 1357 nunc
774 1282 1020 1358 inferentibus
1046 1284 1142 1382 ipsis
1173 1294 1303 1362 eontra

188 1411 270 1485 alios
287 1434 405 1502 arma,
433 1433 531 1484 nuuc
559 1409 665 1484 illata
691 1408 1009 1507 propulsantibus.
1048 1407 1139 1485 Oum
1164 1411 1305 1505 Persis,

188 1537 234 1610 uti
259 1537 398 1628 scimus,
440 1533 647 1609 diuturnum
674 1533 751 1608 illis
778 1535 915 1608 bellum
942 1534 1031 1627 fuit,
1068 1537 1106 1610 in
1135 1559 1206 1635 quo
1232 1559 1305 1612 non

191 1661 332 1736 Asiatici
352 1668 497 1736 tantum
518 1683 645 1735 eorum
666 1660 861 1752 exercitus,
890 1661 957 1735 sed
977 1660 1165 1760 Europaei
1193 1665 1304 1739 etiam

190 1789 328 1886 saepius
346 1788 450 1862 oaesi
469 1787 518 1861 ad
535 1787 823 1861 internecionem
841 1788 1019 1862 feruntur.
1042 1787 1190 1893 Arabes
1211 1813 1297 1888 quo-

190 1938 260 2012 que,
277 1921 314 1989 ct
332 1913 456 1989 Mauri
478 1934 551 1987 non
570 1914 692 1986 semel
713 1919 843 1986 contra
861 1936 937 2006 eos,
965 1915 1132 2012 pertaesi
1151 1910 1206 1991 tot
1225 1939 1299 1990 ma-

190 2042 304 2127 lorum,
332 2039 576 2130 rebellarunt,
602 2037 904 2135 quemadmodum
936 2046 973 2113 et
1000 2039 1098 2114 aliae
1125 2038 1302 2116 finitimae

192 2175 317 2261 gentes,
338 2187 433 2263 quas
462 2186 589 2240 omues
618 2163 743 2238 multis
772 2186 920 2239 suorum
948 2164 1116 2238 cladibus
1145 2187 1299 2241 necesse

190 2292 384 2368 habueruut
417 2312 564 2367 rursum
583 2289 620 2363 in
642 2290 807 2365 ordinem
817 2290 999 2387 redigere.
1038 2289 1099 2365 De
1118 2288 1299 2367 Christia-

190 2417 238 2492 nis
253 2417 339 2492 nihil
358 2425 418 2492 est
439 2415 642 2507 dicendum,
663 2437 744 2489 cum
764 2422 919 2502 constet,
951 2415 988 2488 in
1013 2415 1067 2490 eis
1087 2422 1124 2489 et
1142 2422 1244 2491 terra
1264 2424 1300 2491 et

190 2544 268 2618 mari
284 2542 564 2641 persequendis,
584 2541 658 2615 iam
679 2540 928 2637 compluribus
947 2548 1048 2616 retro
1069 2540 1186 2635 annis,
1214 2544 1299 2639 plus

191 2667 264 2744 illos
282 2669 472 2768 accepisse
510 2690 659 2763 semper
698 2665 941 2754 incommodi,
980 2689 1087 2762 quam
1124 2665 1201 2740 illis
1239 2666 1300 2742 de-

192 2794 288 2870 disse.
335 2794 522 2869 'locemus
560 2790 730 2866 navalem
772 2791 874 2865 illam
912 2787 1204 2867 Christianorum
1253 2795 1301 2868 ad

190 2921 384 2996 Echinades
428 2918 640 3008 victoriam,
688 2939 783 3011 quae
829 2916 922 2990 adeo
968 2923 1053 2991 tuuc
1098 2919 1300 2994 maritimos

190 3047 334 3143 ipsorum
353 3065 490 3120 nervos
510 3042 649 3133 incidit,
669 3049 709 3116 ut
727 3043 776 3116 ab
796 3064 841 3116 eo
860 3049 1026 3140 tempore
1045 3043 1209 3140 praedae
1220 3045 1297 3118 ubi-

190 3196 249 3269 que
263 3172 401 3248 Italicis
420 3171 581 3246 navibus
601 3168 747 3244 fuerint.
759 3166 867 3242 Anno
887 3169 999 3241 etiam
1019 3169 1201 3266 superiori
1213 3169 1298 3244 duo-

189 3297 348 3394 deviginti
368 3318 493 3371 eorum
511 3295 694 3385 triremes,
706 3293 743 3365 vi
752 3294 985 3391 tempestatis
996 3294 1184 3390 abreptas,
1195 3295 1297 3368 naui·

191 3425 318 3520 rugium
337 3444 424 3498 esse
442 3442 584 3520 passas
613 3419 829 3496 audivimus.
877 3417 916 3492 Si
944 3419 1003 3492 his
1032 3418 1105 3493 iam
1125 3443 1296 3495 annume-

190 3571 319 3643 remus,
338 3548 428 3646 quid
445 3547 613 3645 proxime
641 3545 681 3620 in
700 3544 870 3641 Vngaria
898 3545 1108 3639 amiserint,
1148 3546 1293 3641 qualem

189 3685 429 3752 veteranorum
466 3674 620 3748 militum
657 3695 814 3762 manum,
853 3679 941 3768 quot
969 3670 1297 3748 exercitatissimos

190 3799 264 3876 belli
280 3803 411 3878 duces:
430 3823 478 3874 an
497 3823 569 3875 non
596 3798 835 3896 reperiemus,
855 3804 893 3872 et
920 3797 1143 3870 imminutam
1172 3795 1296 3870 multis

189 3928 339 4024 partibus
358 3949 484 4002 eorum
502 3925 704 4023 potentiam
724 3946 822 4015 csse,
850 3930 888 3997 ct
917 3945 1011 4018 quac
1029 3923 1103 3994 iam
1130 3921 1185 3993 eis
1205 3922 1294 3996 resi·

190 4052 268 4127 duae
285 4055 385 4129 vires
395 4059 491 4140 sunt,
498 4073 575 4142 eas,
585 4074 632 4124 ex
641 4051 782 4140 inermi,
802 4056 839 4123 ct
850 4047 1041 4150 seminuda
1052 4047 1296 4121 barbararum

191 4181 333 4274 gentium
353 4179 512 4255 colluvie
541 4185 764 4271 constantes,
792 4200 867 4250 non
894 4181 969 4250 tam
998 4171 1045 4247 ad
1073 4171 1296 4264 bellandum,

190 4326 282 4401 quam
316 4307 364 4382 ad
400 4304 663 4404 perterrendos
700 4306 839 4378 frustra
875 4300 1016 4388 hostes,
1062 4295 1295 4396 praedasque

189 4434 335 4527 agendm
354 4439 602 4529 comparatas,
623 4437 759 4505 castra
787 4450 912 4503 eorum
932 4430 1135 4498 secuturas.
1160 4419 1293 4518 Siquis

189 4559 347 4633 autemid
365 4579 490 4632 secum
512 4557 662 4653 cogitet,
682 4554 921 4653 praecipuam
942 4547 1081 4646 cogniti
1100 4546 1207 4622 huius
1237 4572 1291 4623 or·

189 4681 235 4757 bis
258 4692 399 4784 partem
425 4683 589 4780 ipsorum
617 4682 770 4780 imperio
797 4677 934 4754 teneri:
970 4677 1003 4750 is
1020 4677 1176 4751 'rursum
1204 4674 1296 4751 illud
