3625 5534
501 551 549 598 nn
569 549 648 601 nnn.
668 549 753 598 vno.
780 547 861 597 nuo.
877 547 915 598 x.
935 548 969 596 n.
991 547 1053 598 vu.
1273 525 1348 602 137

230 725 433 821 Antequam
452 730 574 798 tamen
595 723 683 798 totis
702 723 844 797 viribus
854 723 1170 821 oppugnationem
1190 723 1355 801 institue·
1437 737 1441 744 '

226 859 291 940 ret,
311 850 383 925 hoc
402 856 608 925 commento
630 871 720 924 usus
741 871 826 924 esse
864 850 1005 924 lentur:
1034 850 1083 923 ad
1112 848 1356 943 subruendos,

227 999 296 1074 qua
315 977 512 1052 Danubius
532 975 649 1069 alluit,
668 999 803 1062 muros,
833 997 927 1071 quos
952 976 1143 1051 tormentis
1162 984 1290 1072 petere
1310 999 1356 1051 ea

230 1127 272 1176 ex
292 1111 400 1200 parte
420 1124 492 1176 non
512 1110 669 1201 poterat,
699 1104 864 1178 delectos
893 1127 941 1177 cx
972 1102 1164 1178 calonibus
1195 1125 1239 1177 ae
1266 1103 1354 1177 lixis

229 1229 446 1304 audaciores
467 1228 608 1320 nimbis,
636 1251 682 1304 ae
712 1229 864 1327 scaphis
892 1228 1055 1327 imponit,
1083 1228 1353 1304 instrumentis·

228 1375 298 1450 que
336 1353 385 1427 ad
413 1354 644 1429 subruendos
684 1375 819 1432 muros.
859 1353 1169 1452 excavandosqne
1206 1354 1351 1451 lapides

225 1478 368 1555 idoneis
386 1479 545 1555 instruit.
565 1482 653 1555 Mox
673 1488 825 1578 captata
845 1481 1041 1556 occasione
1062 1480 1212 1556 silentio
1230 1481 1350 1557 noctis

224 1629 290 1681 eos
312 1605 426 1682 muris
445 1607 540 1681 citra
557 1629 700 1682 onmem
720 1607 914 1704 strepitum
934 1607 1164 1703 adnavigare
1183 1607 1295 1699 iubet,
1314 1599 1353 1682 et
1383 1699 1387 1704 t

224 1733 381 1829 primum
402 1732 545 1830 quidem
568 1734 769 1832 scalpellis,
782 1734 1027 1831 cultellisque,
1047 1732 1095 1809 ad
1109 1733 1147 1806 id
1157 1732 1229 1808 iam
1240 1741 1351 1808 antea

224 1858 352 1950 iactis,
381 1860 564 1935 lateritios
584 1883 708 1937 muros
727 1884 925 1954 excavare,
946 1859 1084 1936 deinde
1094 1859 1285 1936 excavatis
1298 1858 1351 1933 ita

225 1983 414 2061 moenibus
433 2007 475 2058 se
494 1985 692 2074 insinuare,
731 2010 776 2060 ac
804 1985 1052 2061 torcularibus
1083 1986 1228 2076 terreis,
1248 1984 1349 2059 aliis-

226 2132 294 2205 que
322 2110 503 2186 machinis
531 2109 770 2188 fundamenta
802 2135 927 2187 eornm
967 2113 1148 2187 subruere
1184 2109 1348 2185 mandat.

225 2236 282 2309 Illi
301 2234 463 2310 feliciter
482 2236 656 2312 mandata
685 2238 841 2324 executi,
870 2239 994 2312 factas
1020 2237 1058 2312 in
1087 2235 1201 2311 muris
1221 2259 1348 2310 caver·

222 2383 299 2452 nas,
328 2362 480 2459 pulvere
508 2365 748 2440 tormentatio
778 2366 973 2463 complent,
1013 2372 1050 2439 et
1078 2363 1164 2438 dato
1193 2360 1273 2436 eius
1291 2361 1347 2436 rei

222 2486 330 2582 signo
349 2489 584 2564 succendunt.
605 2487 722 2565 Simul
742 2479 883 2567 eductis
904 2515 925 2565 e
944 2491 1081 2566 castris
1100 2488 1279 2564 militibus
1293 2486 1347 2562 ita

221 2613 346 2710 copias
366 2609 527 2689 Sinanus
548 2615 688 2708 dividit,
715 2625 755 2692 ut
773 2618 887 2692 fessis
905 2627 1076 2693 recentes
1095 2639 1243 2714 semper
1261 2615 1347 2689 snb-

220 2739 373 2830 mittere,
411 2748 628 2839 septemque
656 2742 800 2819 vicibus
828 2767 902 2818 una
931 2745 1001 2836 die,
1027 2766 1172 2834 ,novam
1190 2740 1345 2815 militnm

221 2887 364 2939 manum
384 2867 654 2964 oppugnationi
683 2871 881 2947 admovere
900 2877 1042 2971 posset.
1068 2868 1212 2962 Quibus
1232 2869 1345 2943 rebus

219 2989 384 3064 omnibus
403 2991 473 3067 rite
493 2993 695 3090 dispositis,
717 2996 804 3072 dato
814 3021 963 3096 pugnae
983 2999 1092 3094 signo
1111 2993 1252 3091 ingenti
1262 3017 1343 3070 cum

219 3115 379 3192 clamore
397 3117 541 3195 irruunt
576 3120 712 3196 milites
731 3122 768 3197 in
788 3124 958 3220 tumulos,
979 3131 1017 3198 et
1035 3130 1137 3198 terra
1155 3117 1345 3194 Danubio·

219 3262 287 3336 que
315 3243 457 3340 pariter
486 3244 691 3345 oppidanos
719 3255 864 3344 urgent.
904 3250 993 3322 Mox
1031 3256 1197 3344 tempore
1229 3243 1278 3317 ad
1306 3242 1344 3316 id

217 3367 411 3460 destinato,
447 3373 765 3469 propugnaculum
793 3396 1013 3450 succensum
1033 3369 1282 3469 disrumpitur,
1306 3377 1345 3444 et

216 3493 358 3588 ingenti
376 3494 498 3572 sonitu
517 3498 616 3573 edito
642 3498 832 3576 disiicitnr.
872 3499 981 3591 Quod
1008 3499 1081 3574 etsi
1098 3494 1342 3572 vehementis-

217 3618 308 3694 sime
328 3620 469 3696 animos
490 3623 759 3723 oppidanorum
777 3627 946 3724 perculit,
965 3647 1200 3723 nequaqnam
1218 3629 1342 3697 tamen

217 3745 397 3821 Barbaris
417 3749 619 3833 cedendum
649 3752 731 3842 rati,
760 3753 889 3827 ruinas
912 3752 1080 3851 implent,
1111 3755 1149 3824 ct
1175 3746 1341 3823 inaudito

218 3893 295 3946 cum
315 3872 439 3949 lurore
459 3875 641 3952 irruentes
660 3878 789 3954 hostes
817 3889 970 3954 strenue
995 3875 1188 3975 repellunt.
1228 3871 1342 3947 Aiunt

217 3995 350 4071 multos
370 4019 414 4074 eo
434 4000 494 4075 dic
514 4025 559 4076 cx
580 4003 764 4095 barbaris,
792 4005 936 4079 fascino
965 4001 1124 4100 quodam
1153 3998 1246 4098 ipsis
1265 3995 1339 4072 usi·

84 4220 89 4231 .
215 4127 291 4196 tato
310 4123 349 4196 in
368 4125 510 4200 rabiem
530 4137 644 4224 actos,
669 4130 789 4206 exutis
809 4127 1339 4217 omnibusvestibus,lrameas

215 4251 356 4322 tantum
385 4248 423 4324 in
452 4251 620 4328 manibus
638 4255 832 4348 babentes,
859 4255 979 4330 nudos
1004 4254 1042 4328 in
1069 4274 1194 4328 muros
1221 4248 1341 4349 prosi·

216 4373 339 4466 luisse,
360 4383 464 4452 tanta
483 4403 562 4455 oum
583 4381 749 4473 andacia,
768 4391 809 4459 ut
823 4391 977 4460 mortem
1004 4406 1074 4482 pro
1101 4383 1223 4457 salute
1246 4377 1341 4454 an-

216 4500 323 4594 saris,
343 4527 389 4578 ac
406 4509 680 4606 propagatione
699 4509 855 4609 imperii,
876 4534 956 4586 cum
977 4532 1120 4586 summa
1148 4506 1339 4606 voluptate

215 4634 391 4724 oppetere
403 4631 1153 4712 niderostunNameumtormentisineos
1173 4631 1340 4732 explosis

215 4753 346 4852 ingens
366 4755 571 4834 Toroarum
591 4755 782 4839 multitudo
793 4786 905 4840 caesa
913 4764 1196 4866 propelleretur,
1208 4759 1336 4836 eodem
