3625 5534
460 475 535 550 136
861 494 910 542 10.
929 492 1030 542 naen
1049 491 1198 541 esrrovu

1731 244 1733 329 l

1731 418 1733 539 l

458 674 647 761 obsessos,
668 695 713 745 ne
733 691 925 766 erumpere
944 675 1108 765 possent,
1122 689 1260 762 urgere
1268 687 1339 738 non
1351 665 1592 738 desisterent.
1731 702 1732 709 κ

459 799 503 874 ld
527 796 587 872 nbi
618 795 782 871 Matlrias
812 794 1003 890 Arclridux
1032 793 1189 890 accepit,
1217 792 1337 890 primo
1355 791 1497 883 mirari,
1518 815 1593 887 qna
1731 774 1732 845 Ῐ

459 924 604 1000 ratione
625 923 834 998 Danubium
854 920 1016 996 Barbari
1034 919 1310 1006 transivissent,
1330 942 1415 992 mox
1434 917 1591 1015 cognito
1731 968 1732 987 t

458 1052 579 1150 ipsum
598 1073 744 1146 quoque
763 1049 923 1123 Bassam
952 1070 1032 1121 cum
1043 1046 1187 1144 ingenti
1198 1045 1428 1121 multitudine
1438 1044 1591 1136 adesse,
1731 1110 1732 1113 ,

458 1177 641 1276 proditum
663 1198 704 1250 se
724 1182 838 1266 ratus,
858 1173 946 1270 qnid
964 1175 1036 1249 hoe
1054 1173 1107 1247 rei
1120 1180 1223 1246 esset
1233 1171 1417 1246 Davidem
1434 1170 1593 1265 Vngnat

458 1303 705 1398 interrogare.
735 1303 773 1375 Is
803 1299 974 1374 conscius
1002 1300 1058 1374 rei
1088 1300 1183 1373 bono
1217 1297 1459 1372 archiducem
1487 1297 1593 1372 iubet

459 1451 544 1502 esse
564 1427 697 1517 animo,
726 1426 873 1522 quando
902 1426 1028 1522 aliqua
1052 1425 1233 1500 duntaxat
1269 1423 1458 1498 exercitus
1497 1447 1591 1521 pars

457 1551 617 1626 navibus
637 1551 824 1625 videretur
852 1558 1119 1648 transportata.
1140 1551 1239 1625 Dum
1267 1549 1361 1624 haec
1389 1547 1491 1622 circa
1510 1549 1591 1623 Ma-

458 1678 575 1752 thiam
595 1685 764 1773 aguntur,
784 1679 856 1752 iam
879 1675 1040 1753 Sinanus
1060 1701 1141 1752 cum
1161 1682 1376 1752 transvecta
1401 1677 1592 1752 exercitus

457 1811 575 1902 parte,
613 1805 749 1878 castris
769 1801 1065 1879 Christianorum
1093 1804 1271 1892 instabat,
1298 1811 1337 1877 et
1362 1801 1516 1878 iamiam
1544 1803 1592 1876 ir-

458 1936 631 2027 rupturus
652 1930 859 2005 videbatur.
881 1930 1082 2005 Acciderat
1099 1937 1221 2005 autem
1231 1930 1270 2003 id
1279 1928 1591 2027 perincommode,

459 2057 559 2152 quod
587 2078 631 2129 eo
658 2058 741 2154 ipso
769 2065 936 2155 tempore
966 2055 1437 2149 FranciscusNbdasdins,
1467 2052 1590 2129 Geor

460 2182 545 2277 gius
562 2182 719 2272 Zrinius,
740 2191 777 2257 et
796 2185 910 2258 ceteri
938 2190 1127 2260 nostrates
1157 2181 1249 2256 clari
1276 2181 1432 2256 militiae
1462 2182 1591 2289 duces,

459 2332 539 2383 cum
559 2333 696 2404 magna
716 2309 953 2404 Vngarorum
971 2318 1079 2408 parte
1099 2334 1145 2384 ex
1173 2309 1321 2398 castris,
1340 2308 1470 2405 paucis
1500 2318 1590 2383 ante

431 2435 599 2544 dicbus,
632 2434 893 2526 discesserunt,
923 2442 963 2509 ut
990 2435 1190 2527 Tartarus,
1217 2455 1311 2530 qnos
1340 2455 1385 2508 eo
1411 2433 1497 2532 ipso
1516 2437 1590 2510 fine

460 2558 621 2635 Sinanus
650 2561 698 2634 ad
726 2561 1005 2660 depopulandas
1035 2585 1161 2638 eorum
1180 2561 1338 2637 ditiones
1357 2560 1546 2653 emiserat,
1566 2587 1591 2637 a

461 2684 539 2759 suis
558 2685 694 2760 finibus
714 2694 896 2762 arcerent.
923 2691 983 2763 Ita
1001 2688 1166 2762 Mathias
1195 2687 1399 2778 Archidux,
1418 2693 1590 2785 etprodi-

459 2809 558 2884 tione
588 2811 747 2886 Davidis
776 2811 1058 2910 circumventus,
1086 2822 1124 2890 ct
1151 2814 1325 2890 absentia
1351 2836 1488 2908 eornm,
1525 2821 1591 2916 qni

460 2935 627 3011 consiliis
655 2937 733 3012 suis
762 2945 837 3012 tam
865 2940 1079 3037 inopinatae
1098 2941 1350 3017 Barbarorum
1373 2940 1590 3036 incursioni,

367 3109 370 3114 -
459 3062 642 3138 similibus
661 3065 732 3138 iarn
754 3073 864 3140 antea
883 3067 995 3141 rebus
1016 3090 1282 3163 saepenumero
1306 3073 1512 3165 exercitati,
1531 3095 1590 3148 re·

330 3301 335 3310 ι
459 3189 647 3278 sisterent,
666 3189 876 3287 impeditus,
896 3189 1000 3264 iubet
1018 3213 1107 3266 snos
1134 3193 1311 3291 paulatim
1338 3197 1589 3274 retrocedere.

567 3312 631 3387 Fit
648 3314 779 3408 ingens
808 3323 1007 3408 certamen,
1036 3323 1073 3390 et
1102 3318 1238 3393 eadunt
1262 3322 1445 3419 utrinque,
1476 3345 1589 3420 qnam

461 3435 619 3532 plurimi,
638 3462 683 3514 eo
702 3448 825 3516 tamen
846 3449 991 3533 eventu,
1011 3450 1051 3517 nt
1069 3443 1103 3516 si
1121 3443 1282 3520 Barbari
1295 3449 1434 3524 nostris
1452 3449 1588 3526 fortius

458 3563 692 3657 institissent,
713 3573 834 3641 actum
854 3590 899 3642 eo
920 3567 980 3643 die
1001 3569 1046 3643 dc
1064 3576 1142 3644 toto
1171 3574 1338 3648 exercitu
1354 3571 1587 3652 Christiano

458 3712 538 3764 rum
565 3688 709 3765 inisset
750 3689 825 3766 Sed
853 3691 945 3768 nibil
975 3696 1174 3770 seeundum
1204 3700 1476 3796 providentiam
1512 3702 1587 3778 Dei

459 3815 587 3892 maiori
607 3817 746 3893 nostris
766 3821 957 3915 praesidio
976 3821 1055 3913 fuit,
1078 3845 1188 3919 qnam
1214 3827 1313 3921 quod
1332 3827 1496 3903 Mathias
1515 3826 1587 3904 Ar-

458 3939 594 4014 chidnx
612 3940 754 4037 ingenti
774 3943 894 4018 animo
916 3945 1051 4020 milites
1076 3947 1124 4020 ad
1151 3949 1395 4026 resistendum
1416 3951 1586 4030 eohorta·

457 4073 517 4140 tus
555 4065 614 4158 sit,
653 4067 873 4164 sensimque,
912 4092 957 4143 ac
993 4072 1218 4168 pedetentim
1254 4083 1355 4153 retro
1384 4077 1586 4156 cedendum

458 4191 698 4266 mandaverit.
720 4197 779 4268 lta
798 4191 966 4280 Sinanns
988 4199 1107 4295 pulsis
1126 4197 1365 4295 Christianis,
1385 4212 1514 4281 castra
1531 4207 1584 4280 di·

459 4316 557 4414 ripit,
577 4317 912 4418 impedimentaque
932 4323 1055 4398 omnia
1074 4347 1156 4399 curn
1175 4327 1276 4402 mille
1294 4325 1443 4406 circiter
1461 4332 1582 4408 carris

459 4442 642 4519 onerariis
660 4445 697 4519 in
717 4451 942 4543 potestatem
962 4471 1067 4526 snam
1086 4450 1234 4548 redigit.
1253 4453 1342 4528 Mox
1361 4456 1425 4530 nbi
1444 4460 1586 4534 scroti

458 4567 516 4640 sni
536 4579 741 4668 compotem
760 4574 895 4649 factum
917 4576 1164 4675 conspicatur,
1183 4580 1317 4677 spoliis
1334 4589 1496 4674 onustus,
1509 4583 1587 4660 Da-

458 4694 605 4770 nubium
634 4698 780 4778 transit.
808 4725 927 4800 eaque
956 4703 1151 4781 occasione
1179 4705 1312 4782 unbem
1348 4709 1582 4808 aggreditur.
