3625 5534
484 556 532 606 nn
551 556 631 607 nnn.
651 555 736 608 vro.
756 555 839 608 nuo.
860 559 891 608 x.
913 559 946 609 u.
966 558 1014 608 rx.
1254 537 1330 613 229

201 729 248 804 ad
260 706 507 829 capitaneum
527 731 702 820 reversis,
723 732 837 807 ceteri
857 755 984 808 omues
1004 759 1027 808 a
1045 733 1175 809 liberis
1195 735 1325 834 pediti-

200 857 279 950 bus,
302 858 444 956 praeda
456 857 612 955 direpta,
633 865 670 932 et
681 855 849 932 foeminis
860 858 1041 935 duntaxat
1059 860 1327 958 impuberibus-

198 1007 270 1080 qne
299 984 486 1059 nonnullis
507 983 678 1076 servatis,
708 985 802 1060 citra
828 983 942 1062 ullam
970 985 1325 1063 commiserationem

196 1109 373 1186 trucidati
392 1110 503 1185 luere.
533 1109 627 1205 Begi
647 1109 685 1184 iu
703 1111 902 1186 tentorium
923 1109 1122 1209 Capitanei
1151 1135 1324 1210 congres-

197 1236 240 1328 si,
267 1259 351 1311 cum
370 1237 480 1310 malle
500 1258 542 1310 se
561 1235 777 1312 servitutem
797 1243 1040 1334 spontaneam
1069 1237 1183 1329 obire,
1216 1262 1324 1336 quam

197 1361 514 1438 miserabilitate
550 1362 736 1459 peditibus
774 1363 951 1438 trucidari
988 1363 1189 1454 dixissent,
1226 1364 1323 1439 iuco-

198 1489 364 1562 columes
393 1489 440 1562 ab
470 1509 514 1563 eo
544 1488 694 1580 servati,
724 1497 761 1563 et
787 1489 824 1563 in
852 1497 967 1565 tutum
987 1490 1134 1567 deducti
1166 1492 1323 1566 fuerunt.

198 1613 329 1687 Liberi
348 1635 437 1688 vero
456 1613 600 1710 pedites
620 1614 754 1711 partim
780 1622 889 1708 metu,
909 1616 1043 1714 partim
1067 1617 1124 1691 ira
1144 1615 1324 1720 succensi,

195 1736 406 1814 deliberato
421 1739 576 1813 consilio
597 1762 679 1814 cum
699 1742 796 1815 omni
812 1739 1205 1838 praedaSzolnokum,
1225 1740 1323 1840 quod

195 1874 280 1941 tuuc
301 1865 595 1961 oppugnabatur,
616 1865 807 1941 discedere
819 1874 1037 1942 statuerunt.
1057 1868 1192 1943 Idcum
1204 1865 1323 1942 Geor·

196 1992 281 2085 gius
311 1991 530 2091 accepisset,
559 1991 685 2067 missis
716 1994 764 2069 ad
791 2017 856 2069 eos
881 1993 1320 2092 nonnullisfpraedaque

196 2116 293 2190 omni
305 2117 560 2208 eiscoucessa,
580 2119 727 2192 tandem
746 2119 917 2216 placatos
936 2119 973 2193 iu
985 2120 1321 2194 castrarevocavit.
1457 2107 1460 2114 ’

200 2243 257 2315 lta
294 2241 467 2317 foeminis
503 2235 703 2340 puerisque
723 2244 895 2319 'Furcicis
925 2245 993 2321 sub
1027 2265 1164 2319 corona
1192 2244 1319 2320 vendi-

194 2365 252 2449 tis,
274 2366 422 2441 fidelem
440 2390 569 2444 rursus
589 2391 741 2466 operam
760 2369 925 2468 Principi
953 2393 995 2445 se
1020 2377 1220 2446 navaturos
1238 2391 1321 2468 pro·

196 2491 385 2568 miseruut.

626 2653 897 2665 —n—————

385 2829 559 2910 CAPVT
589 2831 833 2912 DECIMVM
860 2833 1118 2925 QVINTVM.

197 2977 250 3048 lle
261 2977 364 3075 susis
375 2977 589 3077 scopulisque
609 2993 711 3053 trous
737 2973 872 3054 Istrum
891 2979 1006 3076 copiis
1027 2976 1173 3072 Sinoni,
1193 2987 1318 3094 eaptu-

552 3129 622 3201 que
641 3129 725 3177 arco
749 3102 959 3204 Gprpiovio.

300 3249 452 3322 Interim
472 3245 631 3323 Sinarus
649 3249 686 3322 in
698 3247 961 3347 Transalpina,
981 3245 1131 3341 veritus,
1151 3269 1197 3322 ne
1215 3251 1316 3320 totus

193 3372 379 3449 exercitus
414 3373 462 3448 ad
494 3373 780 3449 intemeciouem
809 3399 833 3449 a
859 3374 1000 3450 nostris
1028 3371 1318 3474 supervenienti·

193 3501 262 3574 bus
287 3499 483 3588 deleretur,
508 3501 645 3575 Istrum
673 3522 754 3574 eum
781 3499 967 3574 universis
1000 3497 1116 3596 copiis
1144 3497 1318 3574 traiicere

192 3625 367 3701 decrevit.
387 3623 549 3701 Proinde
578 3625 800 3701 continuatis
821 3626 901 3700 dies
926 3633 1039 3723 atque
1066 3635 1195 3701 noctes
1214 3623 1318 3700 itine-

191 3751 306 3847 ribus,
336 3753 384 3827 ad
411 3775 533 3827 arcem
554 3749 800 3851 Gyrgioviam
833 3773 975 3828 summa
994 3750 1185 3827 celeritate
1212 3748 1314 3823 festi·

193 3877 306 3969 navit,
333 3878 397 3953 ubi
416 3879 554 3954 Istrum
572 3885 683 3975 ponte
703 3900 749 3952 ex
769 3877 928 3953 navibus
956 3878 1122 3954 contecto
1149 3875 1223 3950 iam
1250 3899 1313 3949 au·

192 4012 254 4079 tea
283 4011 479 4080 straverat.
519 4004 847 4080 verumenimvero
875 4027 955 4078 cum
981 4003 1161 4101 Princeps
1195 4002 1315 4077 Trau-

191 4127 371 4225 sylvauus
390 4154 414 4204 a
432 4137 540 4226 tergo
560 4129 594 4206 ei
622 4128 836 4222 immineret,
868 4138 905 4205 et
931 4127 1079 4204 iamiam
1105 4128 1315 4225 irruptums

189 4255 410 4350 crederetur,
438 4254 509 4331 hoc
528 4262 796 4352 stratagemate
815 4262 964 4331 nostros
975 4254 1106 4331 elusit:
1126 4254 1314 4351 Quingen-

189 4389 246 4456 tos
276 4381 422 4457 circiter
452 4405 498 4456 ex
527 4383 623 4456 omni
648 4403 795 4458 suorum
823 4405 975 4458 numero
1004 4383 1147 4480 equites
1166 4380 1313 4478 selegit,

190 4507 251 4604 qui
270 4507 415 4584 levibus
435 4507 714 4584 velitationibus
743 4531 847 4608 spem
865 4507 1005 4585 nostris
1024 4507 1313 4608 supervenienti-

188 4634 256 4708 bus
274 4634 420 4710 tulurae
439 4657 588 4732 pugnae
606 4637 781 4711 lacerent.
822 4633 896 4711 Sed
925 4644 963 4710 et
980 4633 1059 4710 arci
1079 4631 1313 4732 Gyrgioviae

187 4758 404 4836 tutissimum
439 4784 485 4836 ex
515 4762 611 4838 omni
630 4763 818 4861 copiarum
842 4765 977 4839 robore
995 4760 1221 4860 praesidium
1241 4756 1310 4837 im·
