3625 5534
472 502 520 552 nn
540 502 621 553 unu.
643 501 727 554 vso.
749 503 832 554 nno.
854 503 889 554 x.
912 504 945 555 n.
964 505 1026 554 vn.
1251 478 1326 557 153

204 679 257 752 sis
277 687 314 754 et
332 678 605 755 coniunctarum
623 676 661 751 iu
673 674 812 753 Suevia
831 685 868 752 et
886 677 1008 754 Rheni
1026 684 1147 753 tractu
1158 677 1329 754 Austrin-

206 825 329 878 carum
349 803 539 900 regionum
560 801 751 877 successit
763 801 1038 878 Fordinaudum
1050 796 1325 902 secutusssestX.

206 927 403 1003 Februarii
421 928 603 1038 Emestus
624 924 842 1002 Archi-Dux
863 925 1049 1010 Austriae,
1061 925 1241 1004 Caesaris
1257 929 1329 1004 Ro-

207 1055 334 1152 dolpbi
353 1055 482 1144 frater,
502 1050 742 1128 Gubernator
761 1052 895 1148 Belgio
905 1074 1038 1127 recens
1058 1055 1107 1128 ab
1117 1053 1326 1150 Hispaniae

205 1202 293 1275 rege
311 1180 536 1277 praefectus,
566 1200 637 1276 quo
657 1178 768 1276 paulo
798 1187 885 1253 ante
914 1181 1081 1254 evocatis
1100 1179 1224 1274 Belgii
1242 1203 1327 1278 pro·

205 1305 353 1380 ceribus
372 1305 510 1379 bellum
528 1305 565 1377 in
586 1299 715 1378 Gallia
741 1311 870 1379 contra
897 1326 1026 1400 regem
1044 1305 1328 1381 Navarraenum

206 1431 489 1506 continuandum
510 1429 737 1504 decreverat.
758 1429 889 1505 Mense
900 1431 1037 1507 Martio
1056 1433 1205 1508 ineunte
1216 1432 1328 1508 Amu-

206 1556 333 1630 ratbes
354 1555 505 1630 Tertius
526 1555 731 1632 Turcarum
750 1558 971 1653 Imperator,
991 1558 1133 1656 Solymi
1141 1558 1251 1652 filius,
1264 1555 1328 1634 So·

213 1678 380 1778 lymanni
388 1679 520 1776 Magni
530 1702 659 1778 nepos,
670 1679 805 1775 partim
817 1680 1060 1756 acerbissimo
1071 1677 1211 1774 dolore,
1221 1705 1329 1780 quem

208 1827 253 1878 ex
292 1805 639 1904 Transylvanorum
668 1805 874 1881 defectione
910 1806 1152 1904 percipiebat,
1189 1810 1325 1906 partim

207 1953 294 2006 vero
314 1931 575 2007 ardentissima
594 1933 699 2009 febre
717 1933 846 2026 victus,
859 1933 1007 2009 foedam
1027 1934 1185 2008 animam
1202 1934 1241 2008 in
1254 1943 1330 2011 tar·

206 2065 288 2132 tara
307 2057 459 2131 efflavit.
480 2055 689 2154 Purpurati‚
709 2080 756 2132 ue
775 2080 821 2132 ea
839 2078 901 2132 res
921 2058 1041 2132 facem
1060 2059 1173 2134 rebus
1193 2060 1324 2135 Turci·

206 2180 405 2279 cisalioqui
415 2183 636 2280 satperditis
648 2183 813 2276 adderet,
824 2182 951 2257 missis
962 2184 1159 2259 confestim
1170 2183 1256 2258 aliis
1269 2206 1328 2258 su·

210 2331 275 2407 per
287 2308 383 2383 alios
395 2307 549 2400 nunciis,
574 2307 833 2403 Mabomctcm,
853 2309 1138 2408 primogenitum
1149 2307 1327 2385 Caesaris

208 2434 497 2526 nliumxxxll
508 2455 685 2509 annorum
694 2436 863 2511 iuvenem
874 2436 1158 2532 magnanimum,
1168 2433 1328 2511 exAma-

215 2560 269 2634 sia
279 2557 642 2654 Constantinopolim
653 2568 901 2654 accerserunt,
913 2561 1085 2658 etpauois
1096 2561 1241 2636 omnino
1261 2560 1334 2635 dis·

210 2684 454 2760 sentientibus
472 2705 544 2758 uno
573 2706 699 2759 omnes
734 2707 892 2759 assensu
911 2685 1102 2761 demortuo
1129 2687 1229 2784 patri
1246 2684 1331 2761 sub-

209 2811 371 2885 stituunt
380 2809 499 2884 Movit
508 2832 663 2906 magnas
674 2806 768 2885 baec
775 2810 1017 2908 Imperatoris
1028 2809 1330 2886 mutatioiuurbc

208 2937 347 3026 turbas,
386 2933 530 3032 quando
558 2934 723 3010 Ianizari
750 2935 1045 3034 praescriptione
1064 2935 1225 3011 diuturni
1241 2943 1331 3012 tem·

210 3061 310 3159 poris
327 3059 426 3152 freti,
446 3081 527 3134 cnm
545 3059 630 3144 aliis
650 3060 813 3152 urbanis,
840 3067 917 3135 tum
926 3060 1087 3135 maxime
1114 3060 1263 3136 Iudaeis
1286 3083 1332 3136 ac

213 3185 383 3278 Graecis,
413 3184 621 3282 ceterisque
650 3183 903 3261 Christianam
940 3185 1159 3283 religionem
1187 3195 1331 3263 sectan-

211 3312 322 3406 tibus,
341 3312 537 3408 plurimum
556 3311 766 3388 detrimenti
784 3313 996 3406 intulerunt,
1015 3315 1257 3412 fortunasque
1276 3314 1332 3389 di·
1415 3313 1420 3322 ’

212 3438 343 3515 tiorum
362 3459 430 3534 pro
450 3435 560 3513 solito
579 3459 682 3514 more
701 3437 942 3537 diripuerunt.
964 3438 1209 3534 Mabumetes,
1227 3445 1331 3515 ante·

213 3585 321 3661 quam
347 3561 447 3660 patri
464 3585 534 3660 pro
554 3561 699 3638 solenni
719 3584 821 3638 more
840 3563 941 3639 iusta
959 3565 1203 3662 persolueret‚
1224 3588 1248 3639 a
1267 3564 1330 3640 do-

211 3688 365 3764 mestica
410 3687 628 3764 crudelitate
675 3688 940 3788 auspicandum
984 3690 1177 3789 imperium
1214 3697 1332 3782 ratus,

210 3815 348 3893 iratres
367 3835 495 3889 omnes
515 3837 538 3888 a
555 3821 665 3912 patre
684 3815 832 3910 genitos
855 3814 1024 3911 conquiri
1059 3815 1179 3890 iussit.
1218 3815 1334 3892 Aiunt

210 3951 406 4040 tyrannum
442 3939 697 4015 misericordia
714 3948 861 4034 tactum,
880 3940 1115 4038 naturalique
1133 3940 1171 4016 iu
1190 3940 1330 4017 fratres

212 4089 336 4142 amore
346 4073 493 4158 motum,
505 4066 655 4142 caedem
665 4089 790 4142 corum
801 4066 1038 4166 deprecatum
1049 4087 1144 4158 esse,
1156 4087 1236 4140 cum
1246 4090 1331 4165 par-

211 4193 363 4268 rendum
374 4192 421 4266 iis
440 4213 535 4283 esse,
556 4192 710 4268 etaliter
720 4191 911 4269 ambitioni
921 4214 1048 4269 eorum
1067 4190 1331 4267 occurrendum

211 4319 351 4393 diceret
367 4310 1169 4414 Nondeessesibivariasrcgiones‚(quo)eos
1179 4315 1333 4413 diligen·

211 4441 1336 4540 tissimccustodiendosablegaret,modonecrudelemeorum

212 4569 362 4648 caedem
382 4578 555 4668 spectare
574 4579 781 4668 cogeretur.
793 4567 870 4646 Sed
887 4570 1006 4646 victus
1027 4576 1086 4644 est
1102 4569 1251 4644 tandem
1262 4592 1336 4643 am·

212 4696 369 4774 bitiosus
403 4698 552 4800 tyranni
580 4697 723 4776 animus
750 4696 914 4780 unanimi
942 4694 1235 4799 Purpuratorum
1267 4693 1334 4772 ali-
