3625 5534
508 489 556 538 un
575 487 656 538 nnn.
675 485 759 538 vno.
781 487 863 537 unc.
886 487 920 537 x.
939 487 973 536 n.
995 487 1042 536 vr.
1261 463 1338 540 129

528 767 704 844 OAPVT
745 767 1015 844 OO'PAVVM.

211 949 264 1020 De
297 962 469 1021 renovato
488 947 707 1021 desciscendi
736 973 761 1019 a
793 947 924 1020 Tuccia
957 947 1108 1042 decreto,
1137 954 1335 1047 captisque,

403 1099 447 1147 oc
466 1071 663 1170 interfectis
682 1071 871 1146 nonnullis
891 1073 1130 1172 Magnetibus.

314 1254 373 1328 Ibi
391 1261 589 1352 postquam
609 1277 651 1328 se
671 1254 799 1329 iamin
820 1262 898 1329 tuto
911 1254 1069 1352 positum
1083 1254 1194 1347 videt,
1211 1277 1335 1352 quam-

211 1379 264 1454 vis
283 1388 461 1480 acceptae
481 1379 639 1456 iniuriae
659 1381 772 1456 altius
793 1382 927 1470 animo,
947 1404 1056 1477 quam
1077 1381 1178 1456 orodi
1208 1382 1335 1478 potuit,

208 1505 428 1598 insederant,
460 1528 692 1604 nequaquam
720 1513 842 1580 tumen
871 1505 909 1578 in
939 1505 1137 1580 uindictam
1166 1506 1335 1605 protinus

209 1634 467 1729 erumpendum
486 1641 600 1718 ratus,
631 1631 771 1727 ingenti
800 1632 922 1707 animo
951 1633 1144 1708 iracundia
1164 1633 1332 1708 dissimu-

209 1753 292 1846 lata,
312 1781 359 1832 ue
378 1764 544 1832 extrema
562 1758 599 1850 ii,
620 1757 752 1853 quibus
782 1760 1040 1848 succensebat,
1073 1758 1332 1864 deqpcratione

209 1884 378 1983 corrupti,
397 1882 538 1980 aliquid
557 1882 780 1958 obstinatius
800 1885 1024 1976 molirentur,
1037 1884 1262 1980 singularem
1283 1885 1332 1957 lc-

207 2011 354 2087 nitatcm
381 2011 673 2107 praeseferebat.
694 2011 927 2084 'Pantaenim
945 2008 1324 2107 pollebantadversa-
1385 2064 1388 2070 -

211 2139 252 2214 rii
275 2141 450 2236 potentia,
488 2146 527 2214 ut
554 2137 711 2212 maxime
741 2138 941 2212 verendum
968 2138 1099 2228 fuerit,
1136 2162 1184 2212 ne
1221 2139 1254 2211 si
1292 2137 1330 2209 in

209 2269 438 2345 manifestum
459 2271 667 2361 erumperet
687 2265 834 2356 bellum,
863 2263 1059 2362 plurimum
1088 2263 1228 2358 negotii
1253 2263 1332 2336 suis

211 2395 351 2492 opibus,
368 2415 413 2467 ae
432 2390 615 2465 clientelis
645 2389 810 2486 Principi
837 2390 1078 2463 facesserent.
1117 2386 1185 2463 Oui
1206 2389 1271 2477 rci,
1289 2395 1330 2462 ut

207 2521 349 2595 obviam
369 2519 450 2610 iret,
471 2539 574 2615 spem
592 2515 703 2589 nullis
733 2515 963 2604 occludebat,
991 2538 1111 2612 neque
1138 2538 1330 2588 occurren·

207 2652 271 2738 tes,
290 2653 355 2721 aut
384 2665 425 2718 se
454 2643 643 2734 adeuntes,
673 2640 770 2714 limis
799 2641 917 2715 oculis
946 2641 1168 2736 intuebatur,
1189 2641 1255 2715 sed
1275 2665 1331 2732 ca,

207 2797 276 2872 qua
293 2771 398 2871 prius
418 2769 600 2856 comitato,
621 2791 665 2842 ac
683 2767 862 2843 facilitate
891 2791 971 2842 cum
999 2769 1047 2841 iis
1066 2770 1331 2855 conversando,

206 2899 309 2975 modo
330 2897 502 2973 derebus
522 2893 631 2970 seriis
660 2894 902 2984 deliberabat,
932 2916 1191 2990 nonnunquam
1218 2895 1330 2969 etiam

206 3025 406 3114 iocabatur,
427 3046 472 3096 ac
491 3021 611 3094 cibum
630 3021 812 3095 sumebat.
835 3019 893 3093 Ne
910 3019 1071 3114 gratiam
1091 3019 1237 3115 quidem
1266 3042 1328 3115 pe·

205 3151 362 3226 tentibus
383 3169 507 3222 eorum
527 3144 725 3236 nonnullis,
746 3143 935 3218 difficilem
954 3166 996 3218 se
1014 3145 1243 3241 praestabat.
1255 3140 1330 3216 Sed

205 3273 429 3354 exorabilem
448 3295 489 3346 sa
510 3271 557 3346 iis
576 3280 726 3369 praeter
746 3269 904 3342 omnium
934 3268 1142 3366 opinionem
1173 3269 1328 3365 praebe·

206 3403 274 3492 bat,
293 3409 333 3476 ct
349 3401 596 3474 immemorem
633 3420 673 3471 se
701 3393 918 3469 iniuriarum
947 3393 1188 3488 ostendendo,
1207 3395 1330 3492 inspe-

206 3537 321 3604 ratam
340 3523 625 3625 praeseferebat
643 3520 970 3612 mansuetudinem,
993 3519 1107 3614 otiis,
1127 3518 1329 3615 quibusse·

204 3676 289 3746 cum,
310 3676 427 3752 supra
446 3673 556 3747 quam
576 3649 744 3745 cuiquam
765 3646 943 3721 credibile
962 3645 1041 3738 fuit,
1062 3645 1328 3740 indignaretur,

159 3848 165 3862 ,
203 3779 368 3854 fiduciam
386 3775 593 3867 suscitaret,
613 3797 657 3848 ao
685 3780 783 3848 metu
803 3772 921 3862 simul,
942 3779 979 3846 et
997 3771 1209 3868 suspicione
1229 3771 1328 3846 omni

203 3902 387 3981 liberaret.
408 3903 516 3978 Haec
534 3911 574 3977 ut
593 3901 691 3976 serio
713 3925 735 3974 a
755 3923 795 3973 se
816 3900 878 3996 agi
908 3898 1029 3992 magis
1057 3897 1226 3972 omnibus
1244 3919 1326 3994 per·

203 4033 384 4124 suaderet,
405 4053 486 4105 cum
506 4028 600 4103 varii
629 4028 675 4102 de
704 4027 898 4125 primatum
927 4023 1146 4123 proditione,
1175 4046 1220 4098 ac
1240 4021 1326 4096 aliis

206 4157 240 4232 id
257 4179 386 4256 genus,
418 4155 466 4230 ad
496 4177 623 4229 eorum
651 4153 810 4228 dedecus
839 4148 1121 4249 pertinentibus,
1159 4170 1326 4223 rumores

201 4285 347 4380 passim,
384 4304 430 4384 ac
454 4302 652 4371 sermones,
681 4276 888 4372 famosique
908 4272 1028 4348 libelli
1048 4273 1326 4347 circumferren-

202 4414 266 4504 tur,
286 4407 428 4500 edictis,
448 4430 493 4480 ac
522 4402 783 4503 diplomatibus
811 4402 850 4474 in
874 4402 1011 4475 valvas
1041 4397 1171 4472 summi
1198 4397 1326 4495 templi

203 4532 343 4624 affixis,
360 4531 511 4630 publice
532 4529 728 4624 prohibuit,
758 4549 804 4600 ne
833 4525 916 4621 quis
945 4545 1121 4621 proceres
1149 4521 1326 4620 proditio-

203 4658 257 4734 nis
293 4659 535 4745 insimularet,
583 4678 702 4753 neque
740 4652 825 4729 aliis
863 4649 991 4749 probri
1029 4647 1229 4744 generibus
1265 4646 1325 4720 vel

225 4795 329 4836 MORVM
352 4793 434 4834 11va
459 4793 527 4832 lusu·
553 4813 577 4820 -—
593 4789 773 4830 sctun't'oltlts
797 4788 858 4827 Xb'll
1176 4791 1197 4852 9
