3625 5534
533 477 582 526 nu
603 477 683 527 nnn.
704 475 788 527 vra.
808 475 891 526 nne.
913 477 961 526 xr.
981 477 1014 526 n.
1035 477 1072 527 11.
1289 451 1367 528 323

236 649 466 747 sangninem,
485 652 598 728 etiam
617 673 697 726 oum
717 651 817 725 vitae
837 651 1004 746 periculo
1020 651 1274 726 fidelissimam
1285 673 1369 748 ope·
1474 725 1478 734 ,

234 799 316 852 ram
334 802 485 872 navare,
504 779 573 854 sed
591 781 778 854 turbatam
791 779 971 854 duntaxat
981 787 1147 854 nostram
1157 778 1368 854 libertatem

234 902 513 979 vindicavimus.
535 902 576 979 Si
594 904 688 1001 ipsis
707 903 810 979 licuit
829 903 1019 978 ministros
1039 901 1263 978 reformatae
1281 901 1366 978 reli-

234 1028 358 1125 gionis
387 1039 539 1106 nostrae
559 1028 760 1128 Gyaluino‚
788 1029 970 1125 Zilahino‚
999 1028 1235 1130 Borberkino
1255 1035 1367 1125 atque

234 1154 345 1231 Deva
362 1177 430 1252 per
448 1157 523 1229 vim
542 1155 750 1246 excludere,
769 1163 906 1252 quanto
926 1155 1047 1252 magis
1073 1156 1133 1230 fas
1160 1153 1229 1229 fuit
1255 1155 1364 1229 nobis

234 1301 424 1357 commune
452 1280 631 1358 Ordinem
660 1283 871 1373 Decretum,
899 1279 1086 1379 Principis
1105 1280 1364 1379 chirographo,

231 1407 467 1483 iureiurando
486 1416 597 1506 atque
617 1408 744 1505 sigillo
756 1409 1006 1484 confirmatum
1027 1428 1094 1506 pro
1114 1406 1362 1482 vindicatione

231 1541 384 1609 nostrae
404 1534 590 1610 libertatis
610 1534 753 1631 exequi.
782 1532 1031 1626 Quamobrem
1060 1533 1194 1608 obnixe
1214 1554 1362 1608 oramus

145 1647 149 1659 ’
232 1655 471 1734 Maiestatem
491 1659 580 1748 eius,
600 1681 647 1733 ne
664 1680 734 1733 nos
753 1659 791 1732 in
800 1658 975 1732 libertate
993 1666 1134 1750 nostra,
1155 1681 1263 1756 quam
1282 1659 1361 1733 iure

231 1786 363 1858 merito
383 1785 490 1883 quasi
507 1785 733 1883 postliminio
760 1785 987 1860 restituimus
1005 1784 1044 1860 in
1061 1786 1258 1882 integrum,
1282 1784 1362 1860 ullo

230 1918 341 2008 pacto
360 1913 512 1986 turbare
532 1912 633 2004 velit,
651 1933 723 2008 quo
742 1919 780 1985 et
797 1909 868 1987 nos
887 1911 1036 1986 sublata
1060 1911 1158 1985 omni
1185 1912 1362 1987 intestina

232 2035 429 2128 discordia,
454 2060 591 2133 magna
609 2060 690 2111 cum
708 2037 904 2112 alacritate
933 2037 1119 2134 possimus
1139 2038 1361 2135 Imperatori

230 2172 360 2242 nostro
378 2164 524 2240 fidelem
543 2172 709 2240 nostram
728 2187 880 2262 operam
890 2165 1071 2241 adversus
1081 2165 1222 2242 iuratos
1233 2163 1360 2240 Chris-

229 2291 321 2367 tiani
340 2290 498 2366 nominis
516 2289 646 2364 hostes
664 2289 887 2387 impendere.
926 2291 1024 2366 Nam
1049 2291 1146 2389 qnod
1165 2291 1359 2366 conciona-

232 2427 350 2494 torem
369 2423 534 2492 nostrum
554 2415 733 2514 Princeps
753 2416 1050 2491 clementissimis
1080 2418 1157 2492 suis
1177 2417 1215 2491 in
1233 2418 1355 2493 literis

229 2545 375 2624 vafmm
393 2566 439 2616 ac
458 2542 673 2618 seditiosum
700 2544 875 2636 nominat,
902 2543 942 2616 id
971 2541 1116 2640 quidem
1134 2564 1202 2640 pro
1231 2564 1286 2635 eo,
1315 2566 1360 2617 ao

228 2672 416 2761 debemus,
435 2670 602 2766 graviter
621 2671 848 2766 molesteque
874 2668 1044 2766 patimur,
1073 2691 1228 2766 eumque
1255 2693 1359 2768 pror-

229 2816 294 2870 sus
313 2795 361 2869 ab
391 2794 489 2886 omni
516 2794 709 2869 seditionis
738 2794 949 2892 suspicione
978 2791 1190 2883 liberamus,
1222 2794 1359 2893 qnippe

230 2920 292 3018 qni
319 2902 409 2993 lam*
423 2917 582 3016 publice,
615 2941 724 3017 qnam
750 2918 923 3014 privatim
950 2917 1189 2994 honorificam
1210 2941 1359 3016 semper

228 3045 407 3122 Caesaris
425 3045 543 3120 nostri
562 3045 780 3120 mentionem
789 3045 932 3134 fecerit,
952 3053 989 3118 et
999 3043 1279 3118 ardentissimas
1288 3066 1356 3142 pro

225 3171 462 3270 Principibus
472 3172 611 3247 nostris
620 3194 752 3269 preces
763 3170 926 3267 quotidie
936 3169 1148 3262 instituerit,
1166 3169 1357 3244 instituen-

200 3291 205 3299 ’
228 3299 371 3395 dasque
390 3298 583 3372 curaverit.
608 3298 682 3372 His
701 3305 739 3372 et
756 3296 939 3371 similibus
958 3295 1054 3381 aliis,
1073 3318 1153 3370 cum
1173 3318 1215 3370 se
1234 3294 1356 3370 Vara-

227 3424 376 3499 dienses
396 3432 652 3513 excusassem,
672 3422 807 3519 Legati
826 3423 972 3498 domum
989 3422 1178 3498 redierunt
1206 3426 1244 3496 et
1261 3423 1353 3521 pub·

226 3552 326 3626 licae
346 3550 564 3626 concordiae
583 3551 761 3649 pacisque
790 3551 915 3647 gratia
943 3573 1021 3625 rem
1052 3549 1090 3623 in
1119 3548 1249 3625 eodem
1275 3548 1355 3625 illic
1403 3561 1406 3568 “

226 3682 327 3752 statu
344 3676 608 3774 relinquerunt.

544 4084 720 4163 CAPV'I'
750 4085 1032 4162 SEPTIMVM.

225 4251 466 4351 Dclequtioce
481 4251 720 4324 'l‘artaroram
732 4264 763 4324 el
783 4248 1120 4347 Tronaylvanoram
1141 4248 1351 4321 clarecitro·

224 4403 292 4478 que
304 4378 482 4470 roissiaco
492 4375 1057 4450 irorcmeatoMichaeliaPalotini
1071 4372 1352 4470 Transalpinas.

330 4557 389 4632 De
407 4555 585 4631 intestina
597 4555 841 4630 Tartarorum
851 4554 1033 4630 seditione
1053 4552 1348 4652 supradiximus.

226 4681 287 4757 Ea
305 4681 655 4777 motus‚Kasilrerei
673 4682 777 4757 initio
796 4683 905 4758 huius
925 4679 1220 4778 annilegatosad
1234 4676 1347 4774 Sigis-

449 4814 452 4825 ’
1179 4819 1243 4886 21·
