3625 5534
450 439 526 515 168
849 459 897 508 ro.
920 455 1021 507 nucu
1041 457 1194 507 nnsovrr

448 660 489 711 se
518 659 578 711 res
606 637 780 723 haberet,
809 643 918 732 prout
946 633 992 708 de
1012 632 1236 708 Proceribus
1255 632 1339 706 istis
1359 633 1571 728 significata

447 765 579 847 fuerat,
600 757 814 836 Alba-Iulia
833 759 1065 834 Kdvdrinum
1094 757 1325 848 discessisse,
1353 758 1479 855 ibique
1507 759 1571 832 ali·

446 888 618 987 quamdiu
637 893 898 962 commoratum
917 885 1045 960 fuisse.
1074 869 1204 959 Iu'ubi
1233 885 1487 961 coniuratores
1515 885 1573 962 illi
1720 894 1721 985 j

447 1015 692 1115 accepissent,
710 1005 865 1110 reliquis
895 1013 973 1088 suis
1002 1011 1333 1087 machinationibus
1360 1012 1431 1087 hoc
1459 1014 1571 1088 etiam
1720 1078 1721 1107 ,

447 1142 642 1227 adiecisse,
670 1149 711 1216 ut
729 1138 900 1237 quoniam
920 1139 1129 1236 Principem
1140 1137 1278 1213 finibus
1297 1138 1419 1235 Regni
1434 1163 1572 1236 nequa·

449 1291 558 1365 quam
578 1266 811 1356 excessisse,
830 1272 870 1340 ut
888 1266 963 1362 ipsi
982 1265 1098 1340 moliti
1115 1265 1276 1354 fuerant,
1290 1274 1489 1356 constaret,
1507 1265 1575 1340 sed

447 1394 557 1469 etiam
574 1392 791 1489 peculiares,
807 1391 1128 1488 clanculariasque
1143 1390 1413 1466 deliberatione
1433 1393 1572 1488 sagita·
1720 1388 1721 1417 ²

448 1518 947 1614 verint3adhaeooestellnm
958 1517 1573 1616 Facziadumquoque,quoddiliu·
1720 1548 1721 1555 ι

453 1646 639 1742 gientibus
657 1646 742 1721 inde
762 1646 943 1721 Barbaria
961 1644 1116 1744 imperio
1136 1645 1435 1742 Transylvanioo
1455 1646 1572 1745 appli-

450 1778 568 1847 catum
586 1772 732 1862 fuisset,
751 1773 821 1847 sub
840 1772 911 1846 has
931 1771 1139 1847 molitiones
1167 1771 1204 1844 in
1232 1769 1420 1869 publicam
1447 1772 1571 1870 perui-

449 1898 542 1973 oiem
572 1905 702 1996 sponte
732 1897 867 1973 Turcis
897 1898 1107 1974 dedissent:
1135 1897 1194 1971 his
1222 1896 1335 1993 igitur
1363 1898 1572 1973 robustam
1720 1958 1721 1961 ι

320 2059 322 2064 ·
449 2024 566 2115 novis,
595 2032 743 2121 tamque
771 2031 923 2122 praeter
950 2026 1009 2100 fas
1038 2032 1077 2099 et
1102 2046 1258 2120 aequum
1289 2025 1409 2120 gestis
1435 2032 1573 2100 motum
1720 2062 1721 2069 ι

450 2149 659 2248 Principem
669 2151 969 2248 praenominatos
981 2149 1248 2225 coniurationis
1264 2152 1468 2248 populares
1478 2150 1569 2225 deti·

447 2276 585 2370 nuisse,
604 2282 640 2351 et
659 2276 799 2352 meritis
819 2277 948 2374 poenis
970 2300 1016 2351 ex
1044 2275 1276 2375 praescripto
1306 2276 1422 2372 Legis
1451 2277 1571 2352 Iuliae
1720 2270 1721 2305 ¹

448 2414 596 2500 tamque
642 2403 771 2478 laesae
810 2402 1021 2478 Maiestatis
1059 2425 1145 2479 reos
1184 2402 1380 2479 affecisse:
1416 2404 1573 2503 proinde

450 2552 558 2606 orare
577 2527 739 2604 Ordines
749 2528 883 2625 Regni,
894 2536 934 2604 ut
944 2528 1092 2627 publico
1111 2551 1178 2603 suo
1197 2529 1332 2604 iudicio
1350 2552 1423 2605 non
1439 2553 1573 2625 grava-

449 2662 576 2731 rentur
594 2656 732 2731 factum
751 2656 822 2730 hoc
840 2657 953 2753 longe
971 2656 1210 2732 iustissimum
1223 2657 1477 2753 comprobare.
1496 2656 1573 2732 Pro

449 2781 581 2883 quibus
601 2783 769 2858 omnibus
789 2782 951 2859 Ordines
969 2783 1092 2880 Regni
1118 2783 1298 2882 imprimis
1322 2783 1467 2881 gratias
1488 2784 1573 2859 Deo

453 2907 604 3009 Optimo
622 2908 785 2985 Maximo
805 2916 930 3007 agunt,
951 2910 1049 3007 quod
1068 2908 1316 3009 Principalem
1337 2906 1575 2986 Maiestatem

449 3037 546 3112 inter
564 3036 777 3135 superiores
795 3035 1059 3135 proximasque
1077 3035 1236 3110 insidias
1265 3042 1378 3132 atque
1407 3036 1575 3134 pericula
1720 3120 1721 3123 g

450 3160 591 3244 saluam
618 3164 862 3251 conservavit,
891 3161 1119 3258 eundemque
1148 3162 1267 3237 Deum
1296 3170 1507 3260 precantur,
1535 3172 1575 3240 ut

449 3310 561 3387 porro
589 3310 733 3385 quoque
762 3311 843 3364 eam
873 3288 934 3364 diu
962 3289 1104 3364 saluam
1132 3286 1396 3386 florentemque
1414 3296 1572 3366 tueatur.

451 3411 560 3504 Quod
587 3414 926 3491 condemnationem
955 3421 1179 3490 mortuorum
1214 3414 1360 3490 illorum
1397 3415 1573 3491 attineat:

451 3540 740 3638 deprehendisse
759 3564 801 3618 se
820 3542 915 3619 haec
934 3543 1067 3632 omnia,
1085 3542 1139 3616 uti
1165 3550 1449 3617 commemorata
1478 3550 1572 3632 sunt,

451 3668 505 3742 ita
523 3667 669 3765 penitus
689 3675 798 3764 gesta
817 3691 913 3745 esse.
935 3668 1097 3746 Proinde
1116 3677 1156 3745 ut
1174 3692 1279 3745 suam
1297 3670 1335 3744 in
1351 3677 1427 3744 tam
1455 3668 1573 3744 atroci

452 3792 594 3868 scelere
611 3794 856 3869 innocentiam
867 3796 979 3870 etiam
997 3794 1206 3894 peregrinis
1225 3795 1439 3892 regionibus
1450 3794 1572 3870 decla-

452 3929 588 4011 rarent,
618 3943 712 4014 sese,
741 3921 865 3996 missis
894 3945 915 3997 e
943 3923 1103 4018 primore
1128 3921 1322 3998 nobilitate
1340 3922 1571 4019 quibusdam,

453 4047 675 4142 postulasse,
694 4055 734 4122 ut
752 4046 975 4146 Principalis
995 4046 1186 4125 Celsitudo
1206 4049 1243 4124 in
1271 4049 1421 4147 publiea
1448 4049 1571 4146 Regni

453 4167 611 4246 Comitia
628 4173 750 4250 redire
770 4173 894 4266 vellet,
914 4175 952 4249 id
973 4175 1199 4272 quodetiam
1220 4174 1371 4270 cognita
1390 4174 1570 4253 ordinum

452 4295 525 4372 fide
557 4298 677 4373 libens
709 4301 948 4398 praestiterit.
981 4301 1228 4393 Quamobrem
1266 4301 1363 4398 quod
1390 4299 1571 4404 Princeps

453 4421 525 4497 sibi
540 4426 780 4518 consuluerit,
805 4435 842 4502 et
860 4427 918 4502 his
939 4427 1207 4502 coniuratorum
1238 4426 1570 4506 machinationibus

453 4571 519 4647 per
546 4551 685 4645 media,
706 4553 829 4649 qualia
847 4555 942 4630 ratio
971 4555 1050 4629 eius
1078 4554 1254 4652 temporis
1283 4554 1569 4653 suppeditasset,

453 4677 663 4774 occurrerit,
683 4700 766 4754 sese
785 4681 945 4756 unanilni
964 4703 1146 4756 consensu
1164 4681 1385 4783 approbare,
1414 4688 1452 4755 et
1482 4705 1568 4785 poe·
