3625 5534
541 519 589 568 nu
608 519 689 572 aas.
708 519 793 573 vso.
813 519 895 574 nnc.
914 521 950 573 x.
970 522 1002 576 n.
1022 522 1057 576 x.
1283 502 1359 582 261

238 698 393 789 quentes
420 690 611 766 ludffieari.
649 692 746 766 Tum
774 715 863 767 vero
883 691 1066 793 Princeps
1093 702 1234 772 turmas
1262 685 1361 795 equi-

236 824 313 892 tum
332 815 548 892 cohortatus
567 817 750 892 ooneitato
770 839 881 892 eursu
890 817 1073 896 Tartarus
1088 821 1305 917 insequitur,
1324 831 1362 899 et

233 942 364 1040 pauois
382 964 508 1018 eorum
527 941 659 1032 eaesis,
688 940 853 1039 reliquos
874 941 1124 1019 Osanadinum
1142 967 1260 1043 usque
1277 971 1361 1046 per·

234 1067 415 1163 nequitus,
435 1090 482 1142 ao
499 1069 597 1143 ultra
616 1067 820 1168 Marusium
829 1069 1013 1167 propellit.
1034 1072 1094 1145 Ita
1111 1070 1252 1165 fugatis
1263 1074 1358 1148 'Par-

235 1193 330 1268 taris
367 1193 406 1268 in
433 1199 559 1268 eastra
587 1192 702 1282 redit,
732 1216 778 1267 ao
804 1194 1115 1293 oppugnationem
1145 1197 1360 1273 continuare
1448 1288 1454 1303 ι

233 1319 376 1394 statuit.
397 1319 495 1393 Nam
513 1319 575 1393 ubi
594 1317 844 1417 irruptionem,
872 1325 1085 1416 tantamque
1112 1343 1260 1396 suorum
1279 1335 1360 1398 oae-

235 1444 319 1519 dem
339 1441 438 1517 male
458 1443 641 1518 eooidisse
658 1442 760 1535 uidit,
791 1451 829 1518 et
856 1465 944 1520 suos
964 1452 1118 1520 eonatm
1136 1445 1262 1522 irrisui
1279 1449 1361 1522 tore

235 1567 432 1667 perdoluit,
470 1569 646 1644 tumulum
674 1569 861 1663 ingentem
890 1569 1016 1645 fauere
1034 1570 1202 1664 instituit,
1222 1572 1362 1648 multis*

236 1717 308 1793 que
325 1694 511 1769 hominum
528 1692 691 1768 millibus
715 1692 765 1766 ad
792 1715 874 1767 eam
898 1715 1049 1791 operam
1069 1695 1209 1771 ooautis
1226 1697 1264 1770 iu
1282 1703 1362 1772 tan-

235 1826 310 1894 tam
337 1818 567 1893 altitudinem
598 1818 822 1893 educendum
851 1819 1011 1911 curavit,
1043 1826 1083 1894 ut
1109 1821 1220 1898 facile
1240 1844 1286 1898 ex
1306 1843 1361 1914 eo,

237 1945 471 2043 quantumvis
506 1944 636 2019 intima
671 1944 777 2019 urbis
813 1945 897 2019 looa
932 1943 1073 2042 proteri
1100 1951 1362 2022 tormentorum

235 2071 369 2146 iotibus
387 2077 551 2167 possent
571 2068 678 2161 Quae
696 2070 780 2144 dum
799 2069 1113 2162 administrantur,
1132 2092 1219 2146 eooe
1239 2071 1360 2146 subito

236 2218 359 2271 rumor
377 2195 630 2288 inorebresoit‚
649 2195 843 2272 Hauonum
850 2196 1020 2287 Bassam,
1040 2195 1361 2290 magniMemheti,

236 2321 351 2396 filium
368 2320 556 2417 Belgrsdo
585 2321 765 2410 movisse,
794 2327 831 2394 et
859 2319 1082 2395 continuatis
1111 2318 1191 2394 dies
1218 2328 1362 2395 noetus-

238 2469 308 2542 que
327 2445 524 2521 itineribus
542 2445 713 2542 ingentes
737 2444 865 2542 aopias
892 2445 931 2518 in
959 2443 1162 2518 subsidium
1190 2444 1362 2520 obsesso·

239 2594 318 2647 rum
341 2593 465 2646 seeum
474 2571 636 2647 trabere.
676 2570 758 2646 Neo
777 2578 859 2645 erat
875 2568 915 2644 id
924 2568 1070 2667 quidem
1081 2569 1126 2643 de
1136 2569 1262 2645 nihilo.
1281 2570 1360 2645 Ha·

239 2719 358 2773 nonus
383 2695 481 2770 enim
499 2694 636 2783 Bassa,
657 2696 831 2770 mandato
851 2692 1042 2784 Caesaris,
1062 2693 1188 2770 audita
1206 2695 1363 2771 Tdmtis-

242 2821 323 2897 vari
342 2821 545 2914 obsidione,
566 2821 715 2897 oiroiter
723 2821 802 2897 XX
820 2820 938 2894 millia
947 2819 1131 2894 hominum
1143 2843 1189 2894 ex
1199 2819 1363 2895 finitimis

236 2946 434 3047 praesidiis
453 2954 642 3044 noegerat,
670 2954 708 3020 et
731 2946 842 3020 lentis
861 2945 1056 3020 admodum
1075 2943 1270 3021 itineribus
1289 2945 1362 3018 To

239 3072 758 3171 mdsvaroappropinquabat,
782 3077 834 3162 ut,
854 3069 887 3144 si
898 3091 940 3144 se
950 3068 1097 3144 oooasio
1107 3069 1225 3159 daret,
1254 3084 1361 3167 opem

237 3195 494 3273 laborantibus
531 3203 709 3272 maturam
746 3201 982 3292 apportaret:
1020 3191 1079 3266 sin
1115 3192 1253 3286 minus,
1289 3201 1362 3268 ter-

237 3345 323 3399 rore
349 3323 484 3398 saltem
512 3322 570 3397 sui
587 3320 746 3397 nominis
770 3320 819 3394 ab
839 3317 1033 3394 obsidione
1053 3324 1250 3393 averteret.
1287 3315 1362 3392 Sed

238 3470 316 3523 eum
335 3449 437 3523 fama
454 3447 494 3520 in
512 3448 729 3523 immensum
747 3444 852 3537 haee,
881 3443 936 3519 uti
962 3443 1043 3518 fieri
1073 3445 1178 3536 solet,
1207 3444 1358 3519 extulis-

239 3581 307 3664 set,
328 3581 366 3647 et
383 3571 527 3648 maiora
545 3572 679 3664 omnia,
704 3593 813 3668 quam
832 3574 969 3658 essent,
989 3567 1103 3661 vulgo
1124 3567 1363 3643 disseminas-

241 3706 309 3790 set,
335 3720 406 3773 neo
432 3697 511 3773 ulla
530 3719 618 3796 spes
645 3696 844 3795 potiundae
871 3695 976 3771 urbis
1005 3691 1222 3788 affulgeret:
1251 3690 1357 3767 Prin-

239 3845 337 3921 oeps,
365 3845 439 3898 non
457 3824 653 3922 explorata
672 3821 951 3897 adventantium
969 3819 1219 3894 Barbarorum
1237 3820 1362 3915 pauoi-

237 3947 526 4041 tate,auonsilio
539 3947 825 4046 oppugnationis
836 3946 1025 4046 depulsus,
1038 3964 1152 4019 suasu
1161 3942 1362 4022 Procerum

239 4073 477 4152 differendam
497 4099 578 4151 eam
597 4076 636 4149 in
656 4073 757 4150 aliud
783 4081 929 4173 tempus
958 4070 1193 4147 existimavit.
1230 4072 1362 4167 Itaque

238 4202 366 4277 habito
401 4201 601 4299 primorum
639 4200 796 4275 coneilio
825 4204 1040 4294 sequentem
1066 4201 1210 4268 nostem
1238 4195 1362 4291 elegit,

240 4349 312 4422 qua
329 4325 593 4424 profectionem
611 4325 829 4400 institueret.
850 4320 927 4397 Sed
945 4345 992 4397 ne
1011 4343 1057 4394 ea
1074 4317 1245 4393 hostibus
1255 4320 1363 4392 subo·

239 4451 341 4537 leret,
360 4451 464 4527 iubet
482 4457 747 4525 tormentorum
766 4450 861 4523 ictus
887 4445 1041 4536 intendi,
1065 4465 1110 4516 ao
1129 4441 1289 4538 speeiem
1309 4443 1361 4518 fu-

238 4583 344 4652 turae
362 4575 578 4675 irruptionis
595 4575 732 4670 ubique
741 4571 926 4671 praeberi.
948 4569 1037 4643 Mox
1048 4568 1241 4660 ingruente
1256 4575 1362 4640 rroole

239 4700 499 4802 impedimenta
516 4701 649 4797 omnia,
668 4705 781 4796 atque
799 4701 985 4774 tormenta
1003 4691 1149 4770 silentio
1168 4692 1362 4768 exoamris
