3625 5534
478 517 527 568 oa
545 517 627 568 nus.
645 516 730 568 vuo.
750 515 833 570 ore.
854 517 889 568 x.
909 518 942 568 a.
964 517 998 567 x.
1229 493 1305 572 273

186 700 325 790 posset,
343 691 545 767 eoniunotis
564 691 704 766 viribus
727 692 907 790 praelium
927 714 1007 767 eum
1026 688 1192 767 Caesare
1214 692 1308 768 Tur-

190 818 267 891 oioo
296 818 390 893 inire
418 818 563 893 omnino
594 819 732 894 statuit.
776 821 908 915 ltaque
937 817 1060 892 missis
1086 819 1172 893 aliis
1200 839 1311 916 super

189 945 285 1022 aiios
303 945 458 1038 uuueiis,
479 945 779 1035 Maximilianum,
808 952 848 1018 ut
867 952 1101 1042 approperet,
1130 943 1308 1036 hortatur,

190 1078 227 1145 et
255 1093 432 1168 proceres
461 1070 674 1169 Vugarioos
702 1071 748 1145 ad
773 1071 1003 1166 colligendas
1030 1071 1115 1144 hino
1140 1069 1223 1144 inde
1251 1093 1309 1146 oo·

190 1197 453 1295 piasimpellit3
470 1198 604 1296 quibus
622 1200 734 1275 rebus
753 1200 975 1290 factumest,
993 1197 1311 1295 utVugarioipro·
1385 1246 1391 1266 .

190 1346 284 1414 eres,
305 1333 464 1422 quantam
487 1332 693 1420 potuerunt,
713 1323 899 1422 oopiasad
920 1320 1183 1417 Szerenosium,
1211 1325 1311 1422 oppi-

191 1450 275 1526 dum
293 1447 522 1546 sigismundi
542 1449 731 1543 Rakoozi,
751 1458 937 1545 cogerent.
966 1450 1017 1524 Et
1044 1452 1125 1549 ipse
1145 1450 1312 1525 Maximi·

192 1576 313 1652 liunus
332 1577 463 1674 copias
482 1599 578 1652 suas
598 1600 678 1652 oum
698 1577 960 1675 i'ransylvano
979 1577 1027 1650 ad
1054 1577 1313 1653 Miskoloinum

198 1701 448 1778 coniunxerat.
477 1703 694 1778 'trahebant
711 1726 833 1778 seeum
853 1699 962 1778 CXX
981 1711 1162 1779 tormenta
1179 1703 1314 1778 bellica

201 1855 246 1904 ao
263 1830 342 1904 XX
361 1830 477 1905 millia
496 1827 548 1929 (Ρ)
567 1832 830 1929 quadrigarum
853 1830 891 1904 in
928 1853 1031 1906 usum
1069 1829 1316 1905 circumdandi

197 1956 393 2032 exereitus.

404 2655 581 2736 CAPVT
609 2656 852 2734 DECIMVM
873 2657 1124 2737 TERTIVM.

197 2871 251 2943 De
267 2871 410 2969 praelio
432 2875 721 2951 Christianorum
748 2903 828 2950 curor.
855 2877 1010 2953 Caesare
1042 2877 1253 2968 Parcarum,
1282 2890 1313 2950 et

361 3015 596 3099 totorumque
610 3007 771 3098 partium
783 3001 883 3100 supe
902 3019 1007 3100 utpute
1026 3005 1136 3077 elude.

302 3218 502 3317 Postquam
521 3221 796 3296 Maximilianus
815 3229 852 3296 et
867 3218 1122 3316 sigismundus
1131 3219 1311 3319 Priueeps

196 3345 323 3445 oopias
350 3346 626 3441 coniunxerunt,
647 3371 740 3446 quae
761 3347 807 3422 ad
817 3347 886 3423 LV
904 3345 1021 3421 millia
1039 3347 1234 3444 insigniter
1254 3371 1311 3423 ar-

199 3481 376 3548 matorum
412 3474 529 3550 inisse
557 3483 740 3574 putantur,
769 3483 805 3548 et
832 3475 1053 3551 alteralteri
1080 3474 1312 3551 iureiurando

196 3623 281 3676 sese
298 3600 584 3694 obstrinxerunt,
596 3601 818 3677 Miskoloino
830 3601 991 3698 digressi
1007 3601 1153 3677 obviam
1171 3601 1312 3676 Barba·

202 3727 254 3802 ris
272 3727 458 3826 progredi,
477 3750 753 3804 eomanusoum
771 3727 818 3800 iis
838 3729 1006 3802 oonierre
1020 3734 1236 3802 statuerunt.
1255 3727 1314 3801 lta

203 3853 311 3929 XXI.
323 3854 485 3930 ootobri's
505 3855 704 3929 exereitum
713 3861 982 3952 promoverunt,
1003 3860 1041 3927 et
1048 3851 1227 3950 postridie
1245 3849 1312 3924 eri-

199 3989 317 4055 oetum
344 3981 526 4079 quoddam
552 3982 703 4078 longum
731 3989 841 4079 atque
859 3979 972 4054 latum
992 3980 1139 4062 emensi.
1158 3976 1312 4074 Agrium

202 4105 1314 4207 oonteudemut.EstnouprooulabAgriapagusKeresrtes

201 4235 434 4334 appellatos,
471 4243 576 4311 tanta
594 4259 803 4335 camporum
830 4232 1003 4333 planitie,
1022 4239 1062 4306 ut
1088 4231 1199 4305 facile
1227 4253 1314 4328 spa-

197 4361 285 4436 tium
323 4359 522 4436 dimioandi
569 4359 837 4460 quantumlibet
881 4357 1070 4432 maximis·
1091 4355 1313 4431 exercitibus

197 4487 380 4584 praebere
397 4488 527 4586 possit
552 4487 810 4565 Interseoabat
828 4505 978 4584 campos
1005 4483 1090 4556 illos
1118 4480 1219 4555 rivus
1238 4481 1314 4578 qui·

198 4613 281 4688 dam
299 4635 490 4707 coenosus,
518 4619 556 4688 et
583 4615 637 4688 ita
654 4611 839 4712 impeditis
868 4609 970 4708 ripis,
990 4615 1030 4682 ut
1048 4605 1192 4682 nonnisi
1221 4604 1313 4679 diffi-

203 4739 320 4816 oulter
357 4741 406 4815 ab
434 4739 618 4837 equitibus
653 4740 804 4814 transiri
831 4737 963 4836 possit,
989 4733 1090 4809 ouius
1125 4733 1315 4809 traiectum

224 4876 337 4920 HONW.
352 4877 440 4919 ΗΠΒ.
455 4877 535 4921 urst.
549 4899 573 4906 -
588 4876 775 4918 sommus.
790 4875 854 4916 xvu
1167 4875 1207 4940 18
