3625 5534
480 447 532 524 92
873 471 923 520 ro.
945 469 1046 520 nucu
1064 470 1215 520 nnnovn

480 648 589 722 sedes
619 645 848 720 invadendas
878 645 1062 732 dontibus,
1103 668 1229 719 eorum
1258 645 1438 720 maleficia
1457 643 1540 742 pari
1558 643 1606 716 in·

481 772 669 848 commodo
690 795 775 846 esse
796 772 850 844 eis
869 770 1075 845 referende.
1097 771 1178 844 Nec
1197 770 1460 868 hyememeum
1481 769 1606 844 abhoc

480 922 594 997 opere
608 920 722 997 posse
742 897 941 988 deterrere,
961 919 1043 970 cum
1062 895 1111 970 ad
1128 895 1283 971 ferendo
1302 895 1357 970 eis
1377 893 1605 972 incommoda

481 1023 632 1097 nonsit
664 1022 746 1122 ipse
767 1045 913 1119 quoque
934 1020 1116 1096 deteriore
1154 1022 1324 1097 hostibus
1363 1020 1455 1120 ipsis
1487 1019 1605 1094 condi·

411 1206 416 1212 -
480 1150 594 1246 tione3
613 1150 772 1225 animum
791 1155 934 1223 tantum
952 1149 999 1222 ab
1020 1171 1064 1224 eo
1079 1150 1228 1246 requiri,
1241 1150 1302 1248 qui
1314 1150 1423 1224 etism
1434 1171 1503 1247 pro
1514 1147 1608 1223 iuste

482 1272 660 1350 Caesaris
680 1295 796 1349 causa
815 1272 948 1347 deesse
977 1296 1051 1350 non
1079 1275 1229 1371 poterit,
1266 1272 1498 1373 amplissima
1526 1271 1608 1348 olim

483 1399 629 1497 gratiae
654 1399 754 1474 illius
782 1398 969 1498 praemia,
1007 1423 1074 1497 pro
1103 1410 1240 1478 navata
1269 1401 1304 1476 ei
1327 1408 1403 1476 torn
1422 1398 1608 1475 commodo

481 1533 648 1624 ternpore
668 1548 783 1624 opera
802 1531 1012 1622 accepturo.

947 1725 1151 1742 ..ι-..-...-.,

808 1917 988 1994 CAPVT
1017 1915 1289 2011 QVARTVM.

335 2192 339 2205 Ι
484 2103 542 2176 De
562 2102 749 2196 Zeoltinio,
770 2113 804 2171 et
822 2101 910 2173 aliis
940 2100 1157 2198 quibusdam
1186 2099 1402 2173 arethusio
1432 2095 1611 2173 Christia—
1728 2107 1729 2200 ,

768 2251 897 2300 norom
921 2237 1130 2321 potestatem
1149 2223 1316 2315 redactis.

592 2405 684 2482 (lum
703 2407 757 2483 ite
783 2406 821 2481 in
849 2403 1129 2504 Transylvcnic
1145 2403 1380 2484 Muhumetes
1399 2401 1611 2496 dissereret,

484 2535 559 2607 iarn
578 2532 724 2628 Vngari
742 2556 865 2608 rerum
875 2552 1024 2607 suorum
1034 2535 1265 2627 satagentes,
1283 2533 1410 2631 plures
1422 2531 1611 2608 etiomho-

485 2658 596 2734 stium
605 2655 1093 2751 arcesutSomoskeovium,
1101 2655 1342 2751 Ktkkevum‚
1350 2657 1612 2748 Hollokevum,

487 2782 673 2880 Bujukum
694 2782 824 2860 ditioni
842 2805 933 2859 suae
953 2783 1208 2880 adiungentes,
1223 2783 1432 2860 Zeohennm
1456 2805 1614 2884 quoque,

486 2910 565 2987 eius
584 2909 795 3003 Praefecto,
815 2932 896 2985 oum
914 2908 1184 3008 praesidiariis,
1212 2909 1417 3009 incolisque
1445 2910 1615 2986 omnibns

486 3035 632 3132 anois,
651 3044 761 3113 noctu
780 3035 866 3112 inde
890 3034 1102 3130 excedente,
1133 3043 1414 3135 occupaverunt,
1440 3037 1616 3134 famaque

486 3172 577 3254 erat,
599 3187 665 3242 eos
684 3187 757 3239 non
774 3162 847 3238 nisi
865 3161 1053 3254 Hstvcno,
1082 3159 1325 3259 Zolnolroque
1355 3162 1484 3263 captis,
1503 3156 1616 3239 'erma

486 3288 770 3365 circumferendi
796 3288 907 3362 finem
917 3287 1094 3364 lecturos.
1117 3287 1255 3363 Iisdem
1267 3288 1397 3366 diebus
1417 3315 1442 3366 a
1460 3289 1616 3366 Temes-

489 3415 653 3490 variensi
664 3412 850 3490 Chausius
869 3414 998 3488 literas
1018 3411 1184 3512 Principi
1202 3415 1334 3509 ettrrlit,
1352 3414 1616 3515 noniamprio·

485 3541 589 3617 ribus
608 3541 759 3629 similes,
779 3541 848 3617 sed
867 3540 1000 3639 quibus
1019 3538 1100 3632 ille,
1129 3540 1183 3615 uti
1201 3562 1281 3617 mos
1300 3542 1424 3640 gentis
1449 3542 1529 3618 eius
1550 3549 1617 3632 est,

488 3664 611 3742 omnia
638 3665 827 3742 commodo
851 3686 932 3756 suo,
972 3671 1011 3738 et
1036 3664 1265 3761 temporibus
1293 3665 1487 3756 metientis,
1517 3673 1617 3742 totns

487 3791 627 3867 effusus
655 3791 694 3866 in
713 3789 975 3882 adulationem,
988 3789 1112 3889 palam
1132 3791 1323 3886 fateretur,
1347 3791 1543 3892 praeclare
1572 3791 1618 3866 dc

488 3913 653 3993 (lomere
663 3915 874 4014 Principem
883 3915 1062 4008 meritum,
1076 3916 1338 4014 quaepsrtium
1348 3916 1467 4016 ipsius
1479 3925 1617 4004 essent,

487 4043 632 4120 abunde
652 4041 875 4142 explevisse,
896 4041 1078 4140 siquidem
1106 4041 1154 4118 ad
1178 4041 1302 4141 Regni
1331 4043 1489 4120 confinia
1513 4067 1620 4120 exer-

490 4168 565 4245 citu
582 4169 710 4262 misso,
730 4175 767 4244 et
786 4191 890 4244 sunm
910 4166 1154 4259 Provinciam,
1177 4176 1214 4245 et
1232 4190 1274 4246 se
1294 4171 1404 4247 simul
1429 4194 1509 4248 oum
1528 4168 1620 4260 suis,

487 4316 512 4366 a
529 4295 568 4369 vi
586 4293 747 4402 hostium
768 4294 986 4372 incolumem
998 4294 1239 4393 praestiterit.

589 4421 750 4497 Multum
769 4445 851 4498 eum
870 4421 920 4495 ud
938 4421 1072 4519 reliqui
1100 4421 1210 4497 etiarn
1235 4421 1414 4520 temporis
1442 4421 1620 4498 securite-

487 4551 562 4620 tem
580 4567 625 4620 eo
644 4545 863 4640 additurum,
882 4546 917 4621 si
934 4544 1027 4622 nihil
1046 4546 1092 4621 de
1112 4547 1268 4644 pristine
1298 4545 1516 4644 diligentia,
1545 4553 1621 4624 stu·

485 4665 618 4768 dioque
636 4671 867 4764 remittendo,
887 4670 971 4748 dnm
999 4672 1199 4760 immensae
1228 4669 1406 4751 (laesuris
1440 4672 1541 4752 vires
1570 4672 1620 4758 ad
