3625 5534
479 501 531 577 66
881 523 930 577 ro.
951 520 1052 572 nucu
1070 520 1219 572 sunovn

480 718 649 771 sermone
668 690 742 770 Dei
761 698 955 790 mentione,
976 696 1061 769 siis
1080 695 1177 770 votis
1196 702 1344 786 annuat,
1373 692 1616 791 praehabita,

479 830 753 920 occupaturum,
773 823 867 897 adeo
887 824 955 916 sui,
974 843 1169 918 rerumque
1189 821 1433 922 ‚humanarum
1454 821 1615 895 oblitum

478 948 648 1023 fortunae
668 971 749 1024 eum
765 971 855 1024 snae
874 947 1069 1023 confidere.

937 1157 1144 1169 ——...

781 1357 957 1436 OAPVT
987 1356 1286 1436 SECVNDVM.

829 1556 885 1627 Dc
900 1569 1007 1650 copto
1035 1554 1246 1652 Vespriotio.

583 1734 735 1812 Interim
746 1732 906 1809 Sinanns
917 1733 1114 1808 Mohachio
1124 1754 1361 1831 progressus,
1372 1733 1613 1810 fertilissima

475 1845 662 1940 Baroviac
680 1860 870 1956 utriusque
890 1859 1014 1934 vineta
1043 1883 1087 1934 ac
1106 1882 1218 1954 agros
1249 1857 1508 1957 depopulatus,
1539 1869 1612 1958 pe'r

474 1987 644 2078 Betham,
663 1984 854 2076 Echinum,
879 1982 1050 2072 Tolnam,
1085 1985 1293 2081 etreliqua
1323 2008 1427 2060 meae
1455 1986 1611 2082 patriae

475 2112 614 2213 oppida
651 2111 722 2184 iter
759 2109 913 2199 faciens,
938 2107 1182 2205 opinioneque
1201 2107 1359 2182 omnium
1380 2108 1542 2186 celerius
1559 2113 1611 2187 ad

475 2237 726 2337 Vespriminm
755 2233 922 2324 delatus,
952 2234 991 2305 in
1010 2233 1109 2308 arcis
1129 2239 1332 2330 conspectu
1351 2241 1477 2309 castra
1503 2237 1610 2310 loca·

474 2366 539 2456 vit,
559 2371 696 2437 etcum
716 2357 1031 2449 BassaBudensi,
1071 2381 1177 2455 quem
1206 2381 1249 2433 eo
1270 2358 1318 2433 ad
1343 2383 1384 2434 se
1404 2382 1482 2434 cum
1505 2365 1610 2438 omni

475 2495 658 2588 apparatu
676 2485 822 2575 bellico,
861 2492 898 2558 et
926 2483 1051 2557 valida
1070 2483 1293 2558 delectorum
1319 2508 1427 2559 manu
1445 2507 1609 2562 vocave-

472 2622 543 2708 rat,
561 2611 754 2687 obsidione
774 2632 855 2684 eam
875 2610 999 2684 cinxit.
1011 2608 1084 2684 Sed
1103 2610 1155 2685 ibi
1183 2612 1379 2685 tentorium
1398 2612 1487 2704 cius,
1504 2614 1610 2710 qnod

471 2737 610 2813 ‘ceteris
630 2734 864 2832 conspectius
883 2742 975 2819 erat,
1009 2758 1139 2833 nempe
1169 2759 1192 2809 a
1212 2733 1378 2810 Caesare
1396 2737 1435 2810 in
1453 2736 1609 2832 signum

472 2865 560 2940 boni
596 2862 738 2953 ominis,
785 2860 956 2958 quoniam
985 2859 1103 2957 patris
1141 2861 1199 2934 sui
1234 2861 1378 2950 fuisset,
1416 2862 1608 2956 donatum,

472 2991 584 3088 globo
627 3010 647 3061 e
682 2986 856 3061 machina
887 3007 1005 3060 aenea
1038 3008 1085 3060 ex
1113 3009 1199 3061 aree
1240 2987 1404 3082 petitum,
1450 3010 1606 3065 rursum

473 3115 600 3190 eadem
621 3113 700 3185 fere
718 3111 757 3183 in
775 3118 894 3208 parte,
932 3130 1005 3206 qua
1025 3099 1121 3202 olim,
1150 3133 1230 3185 cnm
1259 3133 1302 3186 eo
1330 3112 1379 3185 ad
1402 3110 1606 3208 Zigethnm

471 3238 717 3340 Solymannns
736 3239 944 3333 Imperator
962 3242 1136 3329 uteretur,
1156 3239 1382 3334 perforatum
1410 3239 1489 3332 fuit,
1515 3263 1605 3318 con·
1730 3281 1731 3288 κ

471 3363 682 3439 iicientibus
701 3385 747 3436 ex
767 3385 812 3436 co
831 3361 972 3459 passim
992 3363 1159 3437 omnibns
1180 3363 1303 3458 vulgo,
1322 3364 1506 3439 funestam
1518 3391 1604 3441 earn

473 3488 612 3564 Sinano
633 3486 902 3585 expeditionem
922 3487 1083 3562 futuram
1112 3489 1269 3563 tandem.
1310 3489 1393 3563 Non
1411 3489 1604 3566 fefellerat
1727 3517 1728 3544 ¹

472 3638 517 3689 ea
535 3635 597 3688 res
617 3610 927 3708 vesprimiensem,
948 3633 993 3684 ac
1012 3609 1243 3687 Palotenses.
1265 3613 1362 3688 Nam
1380 3637 1473 3688 unus
1493 3618 1602 3692 exiis
1726 3593 1727 3632 ἦ

471 3737 689 3835 explorandi
708 3736 832 3832 gratia
851 3735 999 3811 obviam
1021 3737 1156 3811 Turcis
1185 3739 1331 3832 missus,
1371 3738 1417 3812 ad
1440 3740 1602 3839 Belgra-

469 3863 552 3937 dum
574 3860 943 3936 castrametantibus
963 3845 1249 3937 Barbaris'sese
1270 3863 1530 3956 admiscuerat,
1562 3875 1601 3941 et

466 4011 542 4062 una
558 4009 638 4062 cnm
658 3985 705 4059 iis
724 3984 1057 4080 Albam-Regalem
1077 4007 1193 4081 nsque
1210 3988 1280 4061 iter
1298 3987 1451 4078 faciens,
1470 3989 1599 4086 ibique

469 4111 618 4186 tandem
637 4111 686 4184 ab
705 4111 762 4197 iis,
783 4103 934 4206 captata
953 4109 1150 4184 occasione
1170 4111 1374 4205 digressus,
1394 4121 1599 4190 cunctaeo-

468 4257 548 4310 rum
567 4234 722 4310 consilia
742 4234 820 4309 suis
839 4233 1131 4329 significaverat.
1152 4233 1310 4309 Praeter
1335 4236 1431 4310 hunc
1448 4237 1599 4316 iverant

467 4359 577 4434 etiam
599 4359 663 4434 alii
683 4359 842 4456 quinque
862 4357 1008 4456 pedites
1029 4359 1259 4456 Vesprimi0‚
1289 4361 1436 4435 obviam
1447 4361 1597 4458 Turcis,

468 4495 651 4561 uteorum
671 4486 840 4576 animum,
876 4509 921 4560 ac
953 4486 1086 4582 copias
1124 4485 1372 4583 explorarent.
1409 4487 1442 4560 li
1480 4487 1598 4585 igitur

467 4610 627 4684 Batiam
648 4633 764 4705 usque
783 4608 986 4707 progressi,
1014 4610 1111 4703 qnod
1139 4609 1312 4707 oppidum
1341 4633 1363 4684 a
1395 4611 1596 4690 Mohachio

469 4733 610 4810 duobus
631 4736 776 4808 circiter
795 4733 1015 4808 milliaribus
1035 4733 1162 4827 distat,
1179 4736 1248 4809 sub
1266 4745 1389 4834 ponte,
1409 4759 1481 4834 qno
1499 4741 1597 4818 'Iur-
1712 4753 1713 4756 ’
