3625 5534
480 456 556 536 128
881 485 930 537 10.
948 485 1049 536 nucu
1067 487 1215 538 aaaovu

476 681 634 755 unquam
650 681 694 734 co
721 659 806 734 vivo
826 657 1038 757 Principem
1066 661 1269 756 agnituros,
1306 665 1594 764 necquicquam

477 785 549 860 nisi
567 808 611 860 eo
630 808 782 860 reverso
802 786 840 859 in
859 786 1044 884 publicum
1064 790 1296 864 consulturos
1315 813 1412 865 ease.
1443 793 1595 868 'terruit

474 913 509 986 is
528 909 915 989 consensuaOrdinum
933 913 1078 1004 multos,
1098 936 1235 1011 eoaque
1254 915 1487 1014 praecipuos,
1513 918 1596 992 dum

475 1038 617 1114 reversi
643 1035 825 1134 Principia
863 1043 1078 1113 vererentur
1116 1038 1416 1136 indignationem.
1454 1039 1596 1118 Verum

476 1171 598 1238 tamen
627 1162 712 1258 quia
739 1185 853 1261 caepe
881 1186 954 1237 vox
983 1162 1120 1263 populi,
1149 1188 1222 1241 vox
1250 1167 1323 1242 Dei
1354 1177 1423 1260 est,
1449 1167 1595 1242 tandem

423 1369 427 1378 ,
477 1291 634 1366 omnium
652 1290 817 1366 ordinum
836 1311 1019 1366 consensu
1039 1293 1169 1385 coacti,
1189 1316 1387 1370 assensere
1415 1294 1472 1381 iia,
1503 1318 1596 1370 com-

477 1417 744 1516 municatisque
762 1416 939 1510 consiliis,
959 1427 1114 1515 quatuor
1142 1420 1243 1496 viros
1272 1445 1319 1497 ex
1347 1422 1446 1496 omni
1459 1421 1594 1524 ordine

406 1565 410 1575 ·
478 1544 638 1638 elegere,
670 1545 731 1641 qui
751 1543 961 1643 Principem
988 1546 1215 1622 reducerent
1245 1546 1278 1622 li
1305 1548 1410 1623 fuere
1439 1545 1595 1622 Gabriel

476 1670 613 1762 Kendi
650 1670 852 1746 Balthasar
884 1670 1033 1768 Rogati,
1071 1673 1232 1748 Ioannes
1257 1670 1378 1769 Sigcr,
1416 1673 1594 1749 Albertua

476 1793 614 1894 Suegh,
634 1797 697 1893 qui
716 1819 842 1872 omnes
862 1821 908 1872 eo
926 1797 1093 1895 proiecti,
1124 1798 1288 1897 Prinoipi
1315 1806 1593 1898 persuaserunt,

475 1929 515 1998 ut
543 1924 686 2000 veniret
712 1924 750 1998 in
778 1932 1007 2018 conventum,
1036 1924 1162 2022 ibique
1188 1949 1382 2025 praesens,
1412 1927 1458 2000 de
1481 1927 1593 2002 rebus

476 2050 653 2140 omnibus,
675 2050 847 2148 quicquid
864 2051 901 2125 in
920 2048 1107 2149 publicam
1125 2049 1249 2146 Regni
1276 2052 1432 2126 salutem
1462 2051 1594 2126 cedere

476 2177 673 2269 videretur,
710 2199 778 2276 pro
807 2177 982 2270 arbitrio,
1002 2200 1047 2252 ao
1073 2181 1267 2275 potestate,
1292 2201 1400 2275 quam
1419 2177 1594 2254 divinitus

475 2303 597 2379 datam
616 2303 782 2395 haberet,
803 2303 1047 2378 concluderet.
1076 2303 1148 2377 His
1176 2304 1349 2396 assensit,
1378 2312 1415 2379 et
1438 2305 1594 2380 consilio

476 2430 670 2505 Francisci
690 2427 825 2528 Gorty,
845 2454 890 2504 ao
909 2428 1089 2528 Stephani
1112 2429 1287 2525 Boozkai,
1316 2430 1378 2527 qui
1397 2430 1469 2504 duo
1489 2431 1595 2506 iesti-

474 2556 691 2630 nantissime
720 2553 823 2630 illum
849 2556 1016 2650 insecuti,
1028 2555 1255 2658 singularem
1267 2555 1300 2630 ei
1310 2554 1420 2630 fidem
1437 2556 1595 2653 praesti-

473 2688 603 2772 terant,
649 2700 753 2771 usus,
789 2679 1008 2777 patriaeque
1046 2701 1152 2779 opem
1180 2665 1366 2756 laboranti
1394 2679 1494 2755 le-rre
1533 2702 1593 2755 cu·

474 2807 590 2905 pieni,
610 2803 829 2902 Ujvarinum
848 2805 1005 2903 primum
1022 2805 1132 2879 venit.
1156 2805 1216 2880 Ibi
1234 2811 1427 2880 occurrunt
1455 2805 1491 2880 ei
1521 2805 1594 2903 pri·

475 2955 596 3007 morea
616 2930 806 3023 Ordinum
827 2952 931 3028 quoa,
951 2954 1077 3017 omnes
1106 2930 1256 3006 comiter
1274 2932 1498 3030 appellatos,
1518 2931 1594 3029 ple-

473 3080 608 3154 rosque
628 3058 747 3133 bonae
766 3057 847 3155 spei
867 3083 890 3133 a
909 3081 951 3133 se
970 3058 1117 3132 dimisit.
1137 3058 1226 3132 Mox
1245 3057 1364 3132 literis
1382 3055 1468 3130 inde
1487 3057 1592 3131 inco
1730 3132 1731 3147 Ν

474 3183 576 3258 mitia
594 3184 719 3259 missia
737 3205 876 3259 moram
894 3185 1075 3259 adventus
1094 3183 1151 3258 eui
1171 3190 1335 3277 excusat,
1355 3205 1469 3280 seque
1479 3182 1592 3283 paulo
1730 3218 1731 3307 p

472 3319 559 3409 post
577 3310 625 3386 ad
644 3332 708 3385 ecs
727 3319 917 3386 venturum
937 3310 1142 3409 pollicetur.
1164 3311 1208 3384 Id
1225 3309 1287 3385 ubi
1297 3309 1459 3388 Ordines
1468 3309 1593 3406 Regni
1730 3310 1731 3323 '

473 3443 731 3531 cognoverunt,
756 3436 898 3532 ingenti
915 3458 1041 3510 omnea
1059 3435 1204 3511 laetitia
1221 3434 1375 3534 perfusi,
1403 3443 1592 3532 tamquam

473 3560 623 3637 Patrem
643 3560 794 3638 Patriae
814 3563 1015 3661 accepturi,
1034 3562 1180 3638 obviam
1190 3559 1356 3659 Prinoipi
1374 3560 1592 3637 adventanti

472 3692 697 3787 gratulatum
720 3690 962 3782 effunduntur,
982 3713 1137 3787 cumque
1156 3688 1458 3786 frequentissima
1475 3688 1591 3764 homi·

472 3841 557 3892 num
584 3817 812 3893 multitudine
841 3816 1024 3915 stipatum,
1056 3815 1424 3892 honorificentissime
1449 3837 1591 3891 summo

473 3964 552 4018 cum
583 3943 740 4019 omnium
769 3940 903 4038 gaudio
932 3948 1143 4039 exceptum,
1180 3941 1218 4014 in
1254 3940 1500 4017 diversorium
1528 3941 1591 4016 de·
