3625 5534
492 547 542 599 na
560 547 642 601 aaa.
662 549 748 600 vua.
770 549 851 600 nec.
871 550 906 600 x.
925 549 959 600 n.
976 549 1011 602 x.
1246 529 1323 606 279

206 725 267 800 Ea
284 747 326 800 re
344 723 428 798 visa
453 723 634 815 lanizari,
655 699 780 820 quiin
808 725 976 801 tentoriis
1004 723 1179 823 praesidii
1209 749 1323 804 causa

206 851 328 928 relicti
345 851 501 942 fueram,
520 875 627 949 quum
646 852 785 927 nullum
803 853 915 948 fugae
934 852 1006 927 sibi
1024 853 1143 927 locum
1164 876 1247 928 esse
1266 877 1320 929 re

206 979 331 1054 lictum
368 977 722 1070 animadverterent,
761 976 945 1054 revocatis
991 977 1122 1052 animis
1167 1000 1322 1076 coepere

204 1105 396 1180 tormentis
414 1104 580 1179 intonare
609 1105 646 1179 in
666 1126 743 1195 eos,
774 1104 835 1202 qui
853 1105 1037 1201 fugientes
1057 1105 1246 1181 Barbaros
1266 1106 1318 1181 in·

205 1232 464 1328 sequebantur.
493 1227 600 1320 Quod
628 1253 708 1304 cum
727 1252 899 1325 magnam
919 1237 1082 1324 stragem
1109 1231 1248 1306 nostris
1267 1233 1318 1308 in·

204 1358 329 1451 ferret,
349 1381 395 1432 ex
414 1356 533 1432 altera
551 1379 640 1431 vero
659 1364 765 1454 parte
786 1355 937 1430 Tartari
952 1355 1186 1454 adurgerent,
1207 1365 1242 1432 et
1261 1356 1320 1434 Ci-

205 1483 288 1560 cala
305 1485 429 1559 Bassa
448 1506 528 1559 cum
556 1484 719 1580 equitatu
740 1504 806 1559 suo
827 1508 851 1556 a
869 1484 986 1556 latere
1005 1491 1152 1560 nostros
1171 1483 1320 1559 invade-

203 1618 270 1702 ret,
301 1633 455 1709 coepere
484 1610 637 1710 primum
665 1609 774 1707 pauci
804 1611 946 1707 aliquot
978 1611 1207 1709 cataphracti
1227 1609 1320 1686 Ger-

203 1737 348 1830 manici,
367 1761 452 1813 mox
471 1738 584 1813 etiam
594 1737 847 1836 Transylvani
867 1760 911 1810 ac
922 1733 1068 1831 Vngari
1085 1743 1183 1812 retro
1193 1738 1318 1834 fugam

203 1866 378 1962 arripere.
408 1863 549 1958 Quare
577 1864 728 1938 animati
765 1864 923 1953 Turcae,
952 1885 1031 1936 cum
1050 1863 1166 1959 quiin
1185 1863 1318 1938 castris

203 1999 318 2082 erant,
336 1998 412 2065 tum
432 1990 493 2086 qui
510 1990 637 2085 fugam
656 1988 899 2088 arripuerant,
923 1989 1068 2064 sublato
1087 1988 1227 2085 ingenti
1245 1989 1318 2062 cla-

201 2138 302 2192 more
338 2118 375 2191 in
403 2125 550 2193 nostros
577 2115 745 2208 redeunt,
783 2139 920 2213 eosque
948 2138 1084 2212 magna
1120 2116 1317 2190 securitate

199 2242 348 2342 praedis
363 2242 586 2343 ,diripiendis
614 2242 774 2318 intentos
803 2266 850 2316 ex
873 2240 1073 2340 improviso
1092 2239 1314 2316 adoriuntur,

201 2367 275 2445 Sed
295 2379 333 2446 et
349 2369 375 2444 ii
393 2371 456 2468 qui
473 2371 570 2445 ultra
589 2377 714 2445 castra
732 2370 805 2444 iam
818 2391 903 2443 sese
914 2367 1179 2466 proripuerant,
1200 2389 1243 2442 eo
1261 2391 1317 2443 re-

200 2500 335 2589 volant,
373 2507 411 2573 et
447 2522 527 2574 cum
565 2498 729 2573 stalariis
766 2497 983 2594 quibusdam
1003 2494 1312 2588 vexillationibus,

200 2626 360 2723 quaein
387 2647 452 2700 eos
479 2647 568 2701 usus
598 2647 744 2723 semper
773 2624 928 2698 seorsim
957 2623 993 2697 in
1023 2623 1180 2719 quodam
1211 2621 1316 2712 colle,

200 2747 1066 2847 OicalaBassaduce‚rubeisinsignitaevexillis,
1081 2749 1252 2824 immotae
1268 2749 1316 2823 ad

199 2879 235 2953 id
251 2901 369 2976 usque
401 2879 576 2976 temporis
594 2885 812 2954 momentum
831 2876 1083 2965 constiterant,
1112 2875 1149 2949 in
1167 2882 1316 2952 nostros

197 3005 383 3103 fugientes
401 3005 552 3080 irruunt
570 3006 629 3078 lta
647 3002 861 3101 Purpurati,
882 3025 963 3076 oum
981 3001 1099 3098 prima
1117 3000 1227 3096 signa
1242 3001 1315 3076 iam

200 3153 285 3208 esse
304 3138 425 3229 capta,
444 3140 481 3206 et
499 3131 620 3206 caesis
638 3129 982 3229 praelectismilitcs
994 3123 1060 3226 (in)
1081 3123 1313 3203 Christianos

200 3258 346 3332 edicant
359 3257 513 3332 effundi:
533 3256 649 3333 nostri
668 3280 708 3331 re
728 3256 919 3353 inopinata
940 3254 1069 3341 territi,
1090 3253 1138 3328 ad
1158 3275 1249 3350 quos
1278 3262 1315 3328 et

200 3407 271 3482 qno
288 3383 468 3479 fugerent,
491 3383 703 3458 baudastis
735 3380 852 3455 adhuc
872 3381 990 3477 gnari,
1028 3379 1177 3479 praedis
1205 3380 1314 3456 etiam

200 3517 274 3585 tum
293 3508 509 3606 diripiendis
527 3508 656 3584 intenti
676 3514 790 3600 erant,
808 3514 913 3581 tanta
941 3529 1021 3580 cum
1050 3507 1257 3596 securitate,
1276 3514 1316 3582 ut

199 3638 271 3711 iam
289 3643 366 3711 tum
384 3636 480 3711 alius
498 3635 601 3719 baec,
622 3636 717 3709 alius
735 3634 802 3707 illa
821 3635 1061 3709 tabernacula
1078 3633 1116 3708 in
1135 3633 1313 3709 rationem

199 3763 423 3838 dominorum
451 3784 598 3837 suorum
626 3769 846 3858 occuparet,
884 3767 921 3835 et
949 3760 1123 3860 praefixis
1150 3759 1211 3834 hic
1237 3757 1315 3832 illic

198 3890 316 3965 baetis
337 3889 590 3988 occupantium
627 3911 672 3961 ea
697 3888 777 3961 fore
807 3887 964 3995 diceret3
994 3909 1087 3983 qnae
1117 3885 1199 3958 dum
1227 3891 1312 3959 ante

199 4017 390 4092 victoriam
417 4015 634 4113 partiuntur,
665 4037 752 4089 ecce
771 4013 930 4088 Barbari
960 4013 1103 4104 adsunt,
1131 4017 1167 4084 et
1195 4035 1312 4106 grave

197 4141 376 4240 praelium
393 4141 610 4217 instaurant
630 4139 841 4216 Caeduntur
851 4139 967 4213 nostri
982 4163 1005 4210 a
1018 4159 1213 4213 numerosa
1223 4139 1312 4212 mul-

198 4270 359 4360 titudine,
379 4267 706 4345 et'l'artaricarum
725 4267 945 4362 sagittarum
959 4266 1139 4340 imbribus
1158 4265 1311 4339 obruun-

198 4405 264 4477 ms,
282 4395 474 4496 capiuntur
493 4396 611 4493 signa,
631 4406 668 4470 et
685 4395 723 4469 in
741 4395 867 4490 fugam
888 4416 1013 4469 omnes
1033 4393 1105 4466 iam
1117 4392 1231 4466 semel
1251 4415 1308 4466 or-

199 4523 302 4598 dines
330 4531 530 4598 vertuntur.
567 4523 626 4597 Ea
653 4547 694 4596 re
722 4521 805 4594 visa
830 4517 1036 4594 inclamitat
1055 4516 1310 4614 Sigismundus

200 4647 376 4746 Princeps
404 4650 580 4730 omnibus,
609 4673 654 4723 ac
682 4672 728 4722 ne
746 4655 890 4745 partam
910 4649 1023 4721 semel
1051 4643 1240 4718 victoriam
1259 4651 1308 4716 te-

199 4799 295 4852 mere
312 4776 478 4874 perdant,
508 4776 689 4867 obsecrat,
708 4775 953 4873 vexillumque
983 4794 1085 4848 suum
1114 4769 1309 4870 conspicuo
