3625 5534
466 458 517 508 ua
535 457 618 508 aas.
638 457 723 509 vus.
744 457 828 508 nac.
849 457 885 508 x.
906 459 940 508 n.
961 458 995 507 v.
1250 435 1323 510 101

197 636 276 726 tuit,
295 641 336 708 nt
354 633 483 729 copias
502 653 640 723 omnes,
661 655 754 729 quas
771 633 1007 729 undiquaque
1027 631 1245 707 contrahere
1264 657 1330 730 po-

198 761 277 850 tuit,
296 761 335 833 in
356 760 449 834 duas
467 769 594 857 partes
613 758 805 832 divideret.
825 756 969 832 Alteris
1003 757 1183 854 praefecit
1202 755 1329 833 Chris·

197 886 390 984 tophorum
419 879 1327 974 liffenhachium,Generalem,utvocant,0asso·

198 1012 371 1102 vieusem,
392 1009 520 1107 eisque
548 1008 715 1084 adiunxit
739 1010 961 1107 praecipuos
990 1028 1155 1104 quosque
1185 1031 1231 1082 ex
1251 1009 1327 1084 Vn·

198 1137 301 1232 garis
322 1156 512 1234 proceres.
551 1133 778 1233 Stephanum
808 1134 1042 1222 Bathoreum,
1082 1132 1325 1209 Francisonm

198 1263 317 1338 Dohd.
340 1259 571 1359 Stephanum
599 1261 881 1352 Homonnaium,
901 1257 1176 1356 Sigismundum
1202 1259 1329 1342 Rako-
1370 1287 1374 1296 “

198 1389 326 1478 caium,
345 1395 384 1462 et
403 1387 498 1461 alios
518 1387 722 1479 nonnullos,
743 1408 836 1483 quos
855 1407 982 1462 omnes
992 1388 1180 1465 nominare
1195 1391 1324 1486 singil-

199 1514 301 1589 latim
318 1535 475 1588 necesse
490 1536 563 1588 non
580 1513 737 1587 videtur.
757 1511 830 1586 His
848 1511 967 1604 iussit,
987 1519 1027 1587 ut
1037 1515 1196 1591 collecto
1217 1539 1325 1614 quam

199 1639 357 1715 maximo
375 1648 530 1738 possent
547 1639 723 1731 exercitu,
743 1638 955 1712 Hatvsnum
974 1639 1154 1737 imprimis
1181 1643 1326 1719 obside·

199 1776 287 1861 rent,
308 1766 406 1864 qnod
434 1789 505 1841 non
534 1768 661 1863 procul
692 1768 740 1840 ab
770 1765 892 1861 Agris
921 1765 1109 1858 dissitum,
1140 1772 1323 1846 maximas

200 1893 418 1991 quandoque
446 1892 636 1967 molestias
657 1889 897 1966 Caesarianis
930 1891 1130 1968 ditionibus
1158 1896 1325 1972 lacesse-

199 2019 269 2094 bat.
291 2021 380 2118 Ipse
399 2039 480 2092 cum
516 2017 842 2092 lelectissimorum
872 2017 1195 2116 cataphractorum
1225 2024 1325 2120 equi·

199 2155 281 2239 tom,
309 2145 751 2245 expeditissimommque
779 2143 940 2242 peditum
970 2168 1079 2221 manu
1099 2143 1326 2244 Strigonium

199 2270 354 2369 obsedit,
382 2271 510 2356 urbem
530 2294 603 2346 non
622 2271 750 2368 procul
771 2294 794 2344 a
813 2269 921 2345 Buda
940 2270 1119 2366 dissitam,
1141 2281 1178 2348 et
1207 2274 1325 2349 archi-

200 2396 401 2496 episcopali
439 2398 529 2472 sede
568 2396 857 2472 celeberrimam.
886 2395 1064 2474 Habebat
1101 2423 1124 2474 a
1161 2399 1325 2476 consiliis

201 2523 377 2598 Matthias
395 2522 597 2616 Archidnx,
625 2530 775 2622 praeter
794 2521 981 2597 Davidem
1011 2523 1174 2622 Vngnat,
1195 2524 1324 2601 Ferdi·

200 2647 356 2723 nandum
385 2648 628 2737 Hardekium‚
662 2643 813 2722 Gallum
841 2646 979 2741 Braun,
1016 2651 1324 2746 prudentissimos

201 2776 375 2873 quosdam
395 2798 416 2849 e
435 2772 642 2851 Germania
661 2774 785 2866 duces,
808 2768 1013 2870 Georgium
1023 2774 1325 2870 Zrinium,Fran-

201 2901 332 2978 choum
353 2901 593 2995 Nadasdinm
615 2900 810 2975 Nicolaum
830 2898 1016 2992 Palmum,
1055 2909 1092 2976 et
1121 2903 1215 2979 elios
1235 2925 1324 2978 non-

200 3027 328 3120 nullos,
349 3026 410 3125 qui
430 3049 556 3102 omnes
575 3050 644 3126 pro
665 3048 735 3101 sna
753 3024 936 3122 singulari
963 3025 1001 3098 in
1030 3027 1189 3125 patriam
1209 3027 1325 3104 chari·

200 3163 282 3246 tate,
300 3177 348 3229 ac
371 3153 568 3229 excellenti
596 3153 633 3227 in
663 3153 776 3228 rebus
804 3151 951 3226 bellicis
978 3173 1067 3244 usu,
1103 3153 1325 3253 peritiaque,

201 3279 459 3356 nihilomnino
486 3279 790 3370 intermittebant,
836 3277 935 3375 quod
965 3277 1013 3353 ad
1041 3281 1323 3378 expugnandam

201 3408 286 3482 tanti
304 3404 480 3482 momenti
499 3429 622 3481 arcem
640 3405 840 3504 pertinere,
858 3403 1056 3480 videretur.
1068 3407 1113 3481 In
1122 3404 1182 3482 his
1201 3413 1325 3483 tamen

200 3533 463 3625 obsidionibus,
499 3531 592 3607 nihil
620 3532 741 3627 magis
769 3529 1009 3606 memorabile
1037 3531 1184 3608 videtur
1213 3533 1326 3610 conti·

200 3661 309 3757 gisse,
353 3684 466 3760 quam
503 3681 630 3759 pugna
666 3658 734 3732 illa
771 3655 821 3732 ad
857 3655 1070 3733 Hatvanum
1118 3660 1325 3752 commissa,

200 3786 235 3860 in
273 3809 346 3884 qua
382 3785 518 3876 nostri,
539 3782 730 3884 Stephano
759 3783 968 3876 Bathoreo,
1015 3792 1053 3860 et
1085 3782 1324 3880 Sigismundo

199 3909 386 3987 lltkbcaio
406 3910 571 4000 ducibus,
589 3910 774 4005 insignem
795 3907 842 3982 de
852 3908 1035 3984 Barbaria
1057 3909 1248 3985 victoriam
1267 3933 1324 3986 re·

199 4043 405 4135 portaruut;
443 4058 516 4112 non
551 4035 620 4110 tuit
655 4042 779 4110 tamen
825 4034 1018 4110 incruenta
1051 4035 1145 4110 haec
1181 4037 1321 4113 nostris

198 4160 1324 4262 victoria,nampraetergregariosmilitesperierecumallls,

199 4289 297 4366 claro
315 4312 454 4386 genere
472 4289 549 4365 nati
575 4286 794 4387 complures,
822 4294 897 4361 tum
927 4285 1038 4361 etiam
1067 4285 1325 4384 sigismundus

199 4413 301 4490 Btnti
327 4415 546 4507 Losoncins,
584 4437 691 4514 quem
711 4413 758 4487 ob
777 4411 1006 4509 singularem
1033 4413 1113 4490 eius
1141 4413 1324 4492 virtutem,

199 4541 456 4640 egregiamque
482 4541 662 4632 indolem,
698 4537 820 4613 meriti
847 4537 999 4614 honoris
1029 4561 1142 4615 cansa
1168 4541 1324 4618 nomino.

202 4666 338 4752 Territi
356 4667 503 4767 quidem
522 4667 627 4743 tuere
637 4665 710 4741 hac
721 4686 870 4740 suorum
883 4664 990 4740 clade
1004 4665 1177 4762 Barbari,
1186 4689 1334 4744 verum·
