3625 5534
497 550 547 600 nn
574 549 656 602 ann.
679 548 763 600 vro.
784 549 989 601 nnc.x1.u.
1010 547 1034 602 1.
1275 527 1352 606 289

219 719 382 799 Proinde
401 745 476 798 non
495 733 553 799 est
572 724 670 821 quod
690 722 913 823 deceptoriis
923 724 1078 800 aliorum
1098 727 1225 802 verbis
1237 727 1348 804 fidem

225 847 383 944 babeas,
409 857 473 925 ant
492 872 600 926 secus
619 873 662 926 se
680 874 758 925 rem
776 849 916 924 habere
943 849 1012 924 tibi
1037 853 1279 950 persuadeas,
1308 877 1354 930 ne

218 973 308 1048 mihi
328 996 472 1072 quoque
491 982 579 1051 nota
599 975 782 1051 mendacii
801 999 868 1073 per
888 982 924 1049 te
945 976 1043 1073 apud
1056 974 1256 1054 Caesarem
1272 981 1349 1054 inu-

218 1109 334 1191 ratur,
354 1101 625 1178 cumbactenus
645 1103 755 1176 etiam
774 1100 920 1175 nomine
943 1111 1066 1176 vestro
1086 1104 1235 1201 saepius
1252 1105 1351 1203 apud

220 1224 301 1300 eius
319 1225 552 1302 maiestatem
571 1227 789 1326 pudefactus
808 1227 952 1312 fuerim,
973 1235 1010 1301 et
1030 1237 1090 1303 sat
1108 1228 1180 1304 iam
1199 1232 1349 1327 sangui-

217 1349 277 1423 nis
296 1350 446 1426 humani
464 1352 634 1449 utrinque
654 1353 704 1428 sit
723 1355 888 1428 effusum.
918 1350 1055 1448 Cogita
1075 1355 1173 1446 mibi,
1199 1379 1349 1452 quaeso,

218 1485 394 1570 qnantum
422 1477 472 1552 sit
499 1476 607 1552 nefas
634 1479 673 1551 in
700 1477 960 1573 magistratum
988 1501 1093 1552 arnna
1120 1502 1276 1576 sumere,
1312 1483 1350 1556 id

222 1601 320 1695 qnod
339 1601 434 1676 etin
453 1604 573 1678 sacris
594 1603 781 1678 codicibus
800 1603 938 1677 vestris
950 1604 1127 1702 scriptum
1148 1629 1232 1680 esse
1248 1608 1347 1682 novi·

220 1748 311 1801 mus.
353 1726 680 1805 Verumenimvero
700 1729 812 1804 etiam
831 1730 912 1803 sine
941 1729 1102 1827 scriptae
1122 1731 1219 1826 legis
1239 1755 1347 1830 prae·

216 1863 326 1952 cepto
346 1878 428 1930 cum
446 1864 486 1931 tu
515 1859 607 1956 ipse,
638 1865 714 1932 tum
735 1879 926 1932 sacrorum
945 1865 1152 1932 vestrorum
1171 1857 1350 1952 praefecti

217 1979 316 2055 scire
334 1981 504 2078 potestis,
525 2003 701 2058 summum
721 2004 807 2057 csse
826 1981 1009 2080 piaculum
1033 1982 1072 2055 in
1090 1983 1347 2076 magistratum

217 2103 357 2179 bellurn
377 2107 577 2205 suscipere.
615 2108 696 2182 Nec
724 2115 760 2181 te
789 2106 979 2204 praeterit,
1007 2129 1079 2180 non
1107 2113 1144 2180 te
1174 2107 1291 2182 solum
1309 2108 1347 2181 in

218 2227 291 2304 hac
316 2231 404 2304 nari
431 2231 622 2328 navigare,
661 2231 729 2306 sed
757 2230 921 2306 eiusdem
951 2231 1074 2305 delicti
1102 2253 1203 2304 reum
1228 2233 1347 2305 teneri

220 2353 443 2432 Michaelem
462 2355 1127 2454 quoqneTransalpinaePalatinnm,
1148 2358 1204 2430 cni
1224 2365 1346 2431 tamen

217 2481 467 2580 Imperatoria
485 2483 679 2557 clementia
698 2483 820 2558 omnia
835 2491 960 2556 errata
979 2483 1210 2574 condonavit,
1230 2491 1267 2557 et
1285 2506 1345 2557 ve·

218 2606 359 2698 xillum,
388 2607 629 2682 investiturae
657 2607 823 2703 signum,
851 2607 1025 2697 contulit,
1054 2617 1223 2703 pacatam
1245 2608 1345 2684 deni·

218 2754 290 2828 que
319 2733 546 2830 provinciam
574 2732 773 2810 bonafide
802 2732 998 2807 concessit.
1035 2732 1131 2808 Nam
1163 2735 1260 2830 quod
1289 2758 1344 2810 se-

219 2857 292 2932 mel
313 2852 457 2932 Caesar
474 2858 715 2956 proloquitur,
743 2858 781 2932 id
808 2865 929 2932 ratum
962 2878 1181 2954 sacrumque
1214 2859 1345 2934 haberi

220 3004 366 3078 semper
393 2980 505 3080 cupit.
545 2981 711 3058 Priorem
750 2985 861 3058 etiarn
889 2979 1068 3056 Chamum
1098 2981 1342 3058 'Partarorum

218 3107 461 3201 Imperatorio
497 3130 646 3182 munere
674 3106 856 3206 privavit,
894 3107 1224 3203 magistratumque
1262 3106 1344 3181 Pin-

220 3232 325 3322 cioni,
355 3233 416 3329 qui
437 3231 613 3329 Agriensi
644 3232 785 3330 praelio
806 3255 957 3330 oporam
979 3253 1084 3305 suam
1104 3230 1261 3307 Caesari
1280 3259 1342 3308 na-

219 3357 330 3451 vavit,
350 3359 511 3455 benigne
530 3358 692 3434 contulit.
719 3357 879 3433 Proinde
900 3357 1072 3454 quicquid
1097 3366 1257 3433 erratum
1287 3369 1345 3434 est

218 3483 397 3560 hactenus
416 3485 598 3581 utrinque,
627 3485 665 3559 id
691 3483 803 3558 futuri
832 3483 1008 3580 temporis
1037 3483 1230 3580 diligentia
1250 3509 1343 3560 com-

218 3609 371 3707 pensari
399 3633 556 3707 aequum
584 3620 653 3686 est.
691 3611 787 3684 Nam
814 3617 855 3683 ut
882 3607 1004 3682 estin
1031 3609 1248 3705 proverbio:
1287 3611 1344 3684 Ne

220 3758 336 3832 equus
347 3736 492 3833 quidem
503 3735 722 3811 semelmale
733 3734 920 3831 cespitans
931 3734 1343 3809 confestimtrucidatur.

220 3859 456 3960 Quapropter
484 3885 702 3940 renovemus
731 3861 967 3937 iureiurando
997 3883 1124 3956 pacem
1145 3860 1203 3934 bis
1224 3860 1345 3934 condi-

219 3986 393 4080 tionibus,
421 3997 461 4063 ut
489 3997 529 4063 tn
557 3986 704 4085 quidem
723 3987 802 4063 eius
822 3985 945 4080 Regni
967 3984 1062 4058 liber
1082 3984 1258 4082 Princeps
1279 3985 1342 4063 sis.

217 4113 409 4211 provincia
427 4120 564 4211 pacata
581 4120 739 4214 maneat,
769 4119 807 4187 et
825 4118 925 4185 tutus
942 4117 1165 4185 commeatus
1184 4111 1340 4185 tabella-

217 4239 283 4314 riis
301 4240 537 4338 praebeatur.
568 4239 640 4314 His
668 4247 790 4314 antem
816 4237 937 4311 literis
966 4236 1056 4309 meis
1085 4235 1193 4311 velim
1220 4261 1343 4333 qnam-

214 4366 370 4464 primum
389 4365 631 4464 respondeas.
660 4363 767 4456 Quod
786 4362 819 4437 si
838 4361 952 4435 misso
972 4360 1170 4436 tabellario
1197 4362 1342 4452 leceris,

217 4491 296 4568 iuro
315 4515 385 4590 per
403 4473 576 4587 maenum
596 4489 855 4578 llahumetum,
886 4510 943 4562 me
972 4487 1115 4562 saluum
1145 4498 1182 4564 et
1206 4487 1342 4562 incolu-

218 4641 311 4693 mem
332 4617 512 4713 Legatum
541 4625 641 4692 tunm
670 4615 718 4690 ad
745 4624 782 4690 te
807 4613 1057 4704 remissurum,
1097 4613 1149 4688 ita
1169 4621 1208 4688 ut
1227 4622 1342 4690 tutum

218 4743 386 4820 veniendi
405 4768 451 4819 ac
468 4744 909 4846 redeundilcommeatum
929 4741 1127 4814 habiturus
1147 4741 1206 4814 sit.
1236 4739 1345 4817 Hunc

261 4901 368 4940 arrasum
390 4902 470 4940 nrum
488 4903 557 4940 rus'r
575 4922 598 4928 -
610 4901 791 4939 scurrmnnts
810 4900 869 4938 rrrr
1197 4885 1234 4946 lll
