<?xml version="1.0" encoding="UTF-8"?>
<!DOCTYPE html PUBLIC "-//W3C//DTD XHTML 1.0 Transitional//EN"
    "http://www.w3.org/TR/xhtml1/DTD/xhtml1-transitional.dtd">
<html xmlns="http://www.w3.org/1999/xhtml" xml:lang="en" lang="en">
 <head>
  <title>
</title>
<meta http-equiv="Content-Type" content="text/html;charset=utf-8" />
  <meta name='ocr-system' content='tesseract 3.04.00' />
  <meta name='ocr-capabilities' content='ocr_page ocr_carea ocr_par ocr_line ocrx_word'/>
</head>
<body>
  <div class='ocr_page' id='page_1' title='image "./magyarhistorija00decsgoog_0340.png"; bbox 0 0 3625 5534; ppageno 0'>
   <div class='ocr_carea' id='block_1_1' title="bbox 476 470 1220 552">
    <p class='ocr_par' dir='ltr' id='par_1_1' title="bbox 476 470 1220 552">
     <span class='ocr_line' id='line_1_1' title="bbox 476 470 1220 552; baseline -0.001 -6"><span class='ocrx_word' id='word_1_1' title='bbox 476 470 557 549; x_wconf 82' lang='lat'><strong>250</strong></span> <span class='ocrx_word' id='word_1_2' title='bbox 770 501 775 506; x_wconf 53' lang='lat'><strong><em>¹</em></strong></span> <span class='ocrx_word' id='word_1_3' title='bbox 882 492 931 545; x_wconf 86' lang='lat'><strong>10.</strong></span> <span class='ocrx_word' id='word_1_4' title='bbox 952 491 1053 552; x_wconf 79' lang='lat' dir='ltr'><strong>undu</strong></span> <span class='ocrx_word' id='word_1_5' title='bbox 1071 493 1220 546; x_wconf 74' lang='lat' dir='ltr'><strong>ssuovn</strong></span> 
     </span>
    </p>
   </div>
   <div class='ocr_carea' id='block_1_2' title="bbox 481 633 1603 769">
    <p class='ocr_par' dir='ltr' id='par_1_2' title="bbox 481 633 1603 769">
     <span class='ocr_line' id='line_1_2' title="bbox 481 633 1603 769; baseline 0.004 -27"><span class='ocrx_word' id='word_1_6' title='bbox 481 668 577 766; x_wconf 86' lang='lat' dir='ltr'><strong>qued</strong></span> <span class='ocrx_word' id='word_1_7' title='bbox 596 669 642 769; x_wconf 92' lang='lat' dir='ltr'><strong>de</strong></span> <span class='ocrx_word' id='word_1_8' title='bbox 663 667 771 766; x_wconf 85' lang='lat' dir='ltr'><strong>Sylla</strong></span> <span class='ocrx_word' id='word_1_9' title='bbox 791 667 877 741; x_wconf 88' lang='lat' dir='ltr'><strong>olim</strong></span> <span class='ocrx_word' id='word_1_10' title='bbox 896 633 1039 743; x_wconf 83' lang='lat' dir='ltr'><strong>Romae</strong></span> <span class='ocrx_word' id='word_1_11' title='bbox 1057 667 1233 743; x_wconf 75' lang='lat' dir='ltr'><strong>iactatum</strong></span> <span class='ocrx_word' id='word_1_12' title='bbox 1252 670 1330 758; x_wconf 86' lang='lat' dir='ltr'><strong>fuit,</strong></span> <span class='ocrx_word' id='word_1_13' title='bbox 1360 643 1495 767; x_wconf 85' lang='lat' dir='ltr'><strong>magud</strong></span> <span class='ocrx_word' id='word_1_14' title='bbox 1527 695 1603 746; x_wconf 90' lang='lat' dir='ltr'><strong>enm</strong></span> 
     </span>
    </p>
   </div>
   <div class='ocr_carea' id='block_1_3' title="bbox 476 792 1605 880">
    <p class='ocr_par' dir='ltr' id='par_1_3' title="bbox 476 792 1605 880">
     <span class='ocr_line' id='line_1_3' title="bbox 476 792 1605 880; baseline 0.001 -11"><span class='ocrx_word' id='word_1_15' title='bbox 476 795 677 871; x_wconf 87' lang='lat' dir='ltr'><strong>animorum</strong></span> <span class='ocrx_word' id='word_1_16' title='bbox 698 795 826 869; x_wconf 91' lang='lat' dir='ltr'><strong>dolore</strong></span> <span class='ocrx_word' id='word_1_17' title='bbox 845 792 1029 867; x_wconf 77' lang='lat' dir='ltr'><strong>dicerent:</strong></span> <span class='ocrx_word' id='word_1_18' title='bbox 1050 794 1227 869; x_wconf 78' lang='lat' dir='ltr'><strong>Excessit</strong></span> <span class='ocrx_word' id='word_1_19' title='bbox 1245 795 1429 870; x_wconf 81' lang='lat' dir='ltr'><strong>medisina</strong></span> <span class='ocrx_word' id='word_1_20' title='bbox 1448 799 1605 880; x_wconf 82' lang='lat' dir='ltr'><strong>modum,</strong></span> 
     </span>
    </p>
   </div>
   <div class='ocr_carea' id='block_1_4' title="bbox 437 919 1603 2150">
    <p class='ocr_par' dir='ltr' id='par_1_4' title="bbox 437 919 1603 2150">
     <span class='ocr_line' id='line_1_4' title="bbox 485 919 1602 1019; baseline 0.002 -25"><span class='ocrx_word' id='word_1_21' title='bbox 485 921 707 1019; x_wconf 82' lang='lat' dir='ltr'><strong>plurimique</strong></span> <span class='ocrx_word' id='word_1_22' title='bbox 742 923 973 1010; x_wconf 86' lang='lat' dir='ltr'><strong>metuerunt,</strong></span> <span class='ocrx_word' id='word_1_23' title='bbox 1011 941 1057 992; x_wconf 91' lang='lat' dir='ltr'><strong>ne</strong></span> <span class='ocrx_word' id='word_1_24' title='bbox 1101 919 1277 995; x_wconf 87' lang='lat' dir='ltr'><strong>intestina</strong></span> <span class='ocrx_word' id='word_1_25' title='bbox 1323 920 1417 996; x_wconf 87' lang='lat' dir='ltr'><strong>haee</strong></span> <span class='ocrx_word' id='word_1_26' title='bbox 1471 922 1602 996; x_wconf 89' lang='lat' dir='ltr'><strong>seditio</strong></span> 
     </span>
     <span class='ocr_line' id='line_1_5' title="bbox 462 1043 1603 1142; baseline 0.002 -23"><span class='ocrx_word' id='word_1_27' title='bbox 462 1069 636 1141; x_wconf 66' lang='lat' dir='ltr'><strong>gravem,</strong></span> <span class='ocrx_word' id='word_1_28' title='bbox 660 1043 860 1140; x_wconf 86' lang='lat' dir='ltr'><strong>aliquando</strong></span> <span class='ocrx_word' id='word_1_29' title='bbox 881 1044 1182 1142; x_wconf 86' lang='lat' dir='ltr'><strong>Transylvaniae</strong></span> <span class='ocrx_word' id='word_1_30' title='bbox 1202 1044 1345 1120; x_wconf 86' lang='lat' dir='ltr'>cladem</span> <span class='ocrx_word' id='word_1_31' title='bbox 1373 1047 1536 1122; x_wconf 86' lang='lat' dir='ltr'><strong>allatura</strong></span> <span class='ocrx_word' id='word_1_32' title='bbox 1553 1049 1603 1121; x_wconf 87' lang='lat' dir='ltr'><strong>fo-</strong></span> 
     </span>
     <span class='ocr_line' id='line_1_6' title="bbox 476 1169 1603 1269; baseline 0.002 -23"><span class='ocrx_word' id='word_1_33' title='bbox 476 1181 543 1246; x_wconf 91' lang='lat' dir='ltr'><strong>ret.</strong></span> <span class='ocrx_word' id='word_1_34' title='bbox 565 1171 709 1246; x_wconf 85' lang='lat' dir='ltr'><strong>Inventi</strong></span> <span class='ocrx_word' id='word_1_35' title='bbox 728 1177 813 1244; x_wconf 88' lang='lat' dir='ltr'><strong>sunt</strong></span> <span class='ocrx_word' id='word_1_36' title='bbox 832 1178 869 1243; x_wconf 89' lang='lat' dir='ltr'><strong>et</strong></span> <span class='ocrx_word' id='word_1_37' title='bbox 880 1170 977 1244; x_wconf 88' lang='lat' dir='ltr'><strong>tales</strong></span> <span class='ocrx_word' id='word_1_38' title='bbox 987 1169 1096 1265; x_wconf 83' lang='lat' dir='ltr'><strong>gravi</strong></span> <span class='ocrx_word' id='word_1_39' title='bbox 1106 1169 1239 1244; x_wconf 89' lang='lat' dir='ltr'><strong>iudieio</strong></span> <span class='ocrx_word' id='word_1_40' title='bbox 1249 1172 1408 1269; x_wconf 89' lang='lat' dir='ltr'><strong>praediti</strong></span> <span class='ocrx_word' id='word_1_41' title='bbox 1427 1172 1603 1262; x_wconf 78' lang='lat' dir='ltr'><strong>homines,</strong></span> 
     </span>
     <span class='ocr_line' id='line_1_7' title="bbox 437 1296 1601 1395; baseline 0.001 -23"><span class='ocrx_word' id='word_1_42' title='bbox 437 1353 441 1356; x_wconf 84' lang='lat'><em>-</em></span> <span class='ocrx_word' id='word_1_43' title='bbox 477 1299 540 1395; x_wconf 91' lang='lat' dir='ltr'><strong>qui</strong></span> <span class='ocrx_word' id='word_1_44' title='bbox 558 1298 607 1372; x_wconf 86' lang='lat' dir='ltr'><strong>ad</strong></span> <span class='ocrx_word' id='word_1_45' title='bbox 626 1297 784 1372; x_wconf 80' lang='lat' dir='ltr'><strong>officium</strong></span> <span class='ocrx_word' id='word_1_46' title='bbox 803 1296 989 1395; x_wconf 79' lang='lat' dir='ltr'><strong>Principis</strong></span> <span class='ocrx_word' id='word_1_47' title='bbox 1008 1297 1195 1393; x_wconf 86' lang='lat' dir='ltr'><strong>pertinere</strong></span> <span class='ocrx_word' id='word_1_48' title='bbox 1214 1297 1390 1390; x_wconf 79' lang='lat' dir='ltr'><strong>dicerent,</strong></span> <span class='ocrx_word' id='word_1_49' title='bbox 1417 1308 1457 1374; x_wconf 91' lang='lat' dir='ltr'><strong>ut</strong></span> <span class='ocrx_word' id='word_1_50' title='bbox 1477 1300 1601 1375; x_wconf 84' lang='lat' dir='ltr'><strong>erude-</strong></span> 
     </span>
     <span class='ocr_line' id='line_1_8' title="bbox 476 1422 1601 1521; baseline 0.001 -24"><span class='ocrx_word' id='word_1_51' title='bbox 476 1425 606 1501; x_wconf 85' lang='lat' dir='ltr'><strong>liorem</strong></span> <span class='ocrx_word' id='word_1_52' title='bbox 624 1423 720 1497; x_wconf 88' lang='lat' dir='ltr'><strong>iusto</strong></span> <span class='ocrx_word' id='word_1_53' title='bbox 741 1422 948 1496; x_wconf 79' lang='lat' dir='ltr'><strong>nobilitatis</strong></span> <span class='ocrx_word' id='word_1_54' title='bbox 967 1422 1005 1496; x_wconf 91' lang='lat' dir='ltr'><strong>in</strong></span> <span class='ocrx_word' id='word_1_55' title='bbox 1024 1422 1192 1520; x_wconf 86' lang='lat' dir='ltr'><strong>plebeios</strong></span> <span class='ocrx_word' id='word_1_56' title='bbox 1212 1423 1448 1516; x_wconf 89' lang='lat' dir='ltr'><strong>dominatum,</strong></span> <span class='ocrx_word' id='word_1_57' title='bbox 1481 1425 1601 1521; x_wconf 85' lang='lat' dir='ltr'><strong>legiti-</strong></span> 
     </span>
     <span class='ocr_line' id='line_1_9' title="bbox 475 1546 1601 1642; baseline -0.001 -17"><span class='ocrx_word' id='word_1_58' title='bbox 475 1572 555 1624; x_wconf 87' lang='lat' dir='ltr'><strong>mus</strong></span> <span class='ocrx_word' id='word_1_59' title='bbox 574 1548 752 1624; x_wconf 81' lang='lat' dir='ltr'><strong>cancellis</strong></span> <span class='ocrx_word' id='word_1_60' title='bbox 772 1547 971 1642; x_wconf 85' lang='lat' dir='ltr'><strong>mitigaret,</strong></span> <span class='ocrx_word' id='word_1_61' title='bbox 992 1571 1038 1622; x_wconf 89' lang='lat' dir='ltr'><strong>ne</strong></span> <span class='ocrx_word' id='word_1_62' title='bbox 1058 1546 1198 1623; x_wconf 80' lang='lat' dir='ltr'><strong>rustica</strong></span> <span class='ocrx_word' id='word_1_63' title='bbox 1227 1550 1421 1625; x_wconf 88' lang='lat' dir='ltr'><strong>multitudo</strong></span> <span class='ocrx_word' id='word_1_64' title='bbox 1451 1551 1601 1625; x_wconf 86' lang='lat' dir='ltr'><strong>durissi-</strong></span> 
     </span>
     <span class='ocr_line' id='line_1_10' title="bbox 475 1673 1601 1773; baseline 0.003 -24"><span class='ocrx_word' id='word_1_65' title='bbox 475 1699 559 1750; x_wconf 88' lang='lat' dir='ltr'><strong>mae</strong></span> <span class='ocrx_word' id='word_1_66' title='bbox 589 1674 797 1765; x_wconf 87' lang='lat' dir='ltr'><strong>servitutis,</strong></span> <span class='ocrx_word' id='word_1_67' title='bbox 825 1673 1185 1771; x_wconf 86' lang='lat' dir='ltr'><strong>intolerabiliumque</strong></span> <span class='ocrx_word' id='word_1_68' title='bbox 1219 1697 1386 1764; x_wconf 87' lang='lat' dir='ltr'><strong>onerum,</strong></span> <span class='ocrx_word' id='word_1_69' title='bbox 1417 1677 1552 1773; x_wconf 88' lang='lat' dir='ltr'><strong>quibus</strong></span> <span class='ocrx_word' id='word_1_70' title='bbox 1580 1703 1601 1752; x_wconf 88' lang='lat' dir='ltr'><strong>a</strong></span> 
     </span>
     <span class='ocr_line' id='line_1_11' title="bbox 472 1801 1600 1903; baseline 0.002 -27"><span class='ocrx_word' id='word_1_71' title='bbox 472 1801 666 1878; x_wconf 83' lang='lat' dir='ltr'><strong>nobilitate</strong></span> <span class='ocrx_word' id='word_1_72' title='bbox 685 1806 836 1900; x_wconf 90' lang='lat' dir='ltr'><strong>praeter</strong></span> <span class='ocrx_word' id='word_1_73' title='bbox 855 1823 1011 1903; x_wconf 87' lang='lat' dir='ltr'><strong>aequum</strong></span> <span class='ocrx_word' id='word_1_74' title='bbox 1040 1809 1077 1875; x_wconf 92' lang='lat' dir='ltr'><strong>et</strong></span> <span class='ocrx_word' id='word_1_75' title='bbox 1095 1804 1229 1878; x_wconf 88' lang='lat' dir='ltr'><strong>bonum</strong></span> <span class='ocrx_word' id='word_1_76' title='bbox 1257 1811 1491 1900; x_wconf 85' lang='lat' dir='ltr'><strong>gravaretur,</strong></span> <span class='ocrx_word' id='word_1_77' title='bbox 1521 1827 1600 1902; x_wconf 83' lang='lat' dir='ltr'><strong>per·</strong></span> 
     </span>
     <span class='ocr_line' id='line_1_12' title="bbox 472 1926 1599 2027; baseline 0 -23"><span class='ocrx_word' id='word_1_78' title='bbox 472 1937 590 2019; x_wconf 87' lang='lat' dir='ltr'><strong>taesa,</strong></span> <span class='ocrx_word' id='word_1_79' title='bbox 618 1929 767 2004; x_wconf 87' lang='lat' dir='ltr'><strong>tandem</strong></span> <span class='ocrx_word' id='word_1_80' title='bbox 795 1927 919 2002; x_wconf 86' lang='lat' dir='ltr'><strong>eivilia</strong></span> <span class='ocrx_word' id='word_1_81' title='bbox 948 1926 1194 2018; x_wconf 71' lang='lat' dir='ltr'><strong>dissidia-uti</strong></span> <span class='ocrx_word' id='word_1_82' title='bbox 1222 1951 1508 2027; x_wconf 86' lang='lat' dir='ltr'><strong>saepenumero</strong></span> <span class='ocrx_word' id='word_1_83' title='bbox 1529 1930 1599 2004; x_wconf 90' lang='lat' dir='ltr'><strong>iam</strong></span> 
     </span>
     <span class='ocr_line' id='line_1_13' title="bbox 473 2057 1055 2150; baseline -0.003 -19"><span class='ocrx_word' id='word_1_84' title='bbox 473 2057 649 2144; x_wconf 85' lang='lat' dir='ltr'><strong>evenerit,</strong></span> <span class='ocrx_word' id='word_1_85' title='bbox 669 2057 831 2130; x_wconf 83' lang='lat' dir='ltr'><strong>excitare</strong></span> <span class='ocrx_word' id='word_1_86' title='bbox 850 2063 1055 2150; x_wconf 81' lang='lat' dir='ltr'><strong>cogeretur.</strong></span> 
     </span>
    </p>
   </div>
   <div class='ocr_carea' id='block_1_5' title="bbox 936 2339 1141 2351">
    <p class='ocr_par' dir='ltr' id='par_1_5' title="bbox 936 2339 1141 2351">
     <span class='ocr_line' id='line_1_14' title="bbox 936 2339 1141 2351; baseline 0.01 -5"><span class='ocrx_word' id='word_1_87' title='bbox 936 2339 1070 2346; x_wconf 60' lang='lat' dir='ltr'><strong>..n-..mau-</strong></span> <span class='ocrx_word' id='word_1_88' title='bbox 1083 2341 1098 2348; x_wconf 71' lang='grc' dir='ltr'><strong>-ο</strong></span> <span class='ocrx_word' id='word_1_89' title='bbox 1110 2341 1141 2351; x_wconf 61' lang='grc'><strong>.-</strong></span> 
     </span>
    </p>
   </div>
   <div class='ocr_carea' id='block_1_6' title="bbox 695 2573 1271 2666">
    <p class='ocr_par' dir='ltr' id='par_1_6' title="bbox 695 2573 1271 2666">
     <span class='ocr_line' id='line_1_15' title="bbox 695 2573 1271 2666; baseline -0.007 -16"><span class='ocrx_word' id='word_1_90' title='bbox 695 2618 697 2622; x_wconf 92' lang='grc'>-</span> <span class='ocrx_word' id='word_1_91' title='bbox 811 2573 987 2653; x_wconf 83' lang='lat' dir='ltr'>CAPVT</span> <span class='ocrx_word' id='word_1_92' title='bbox 1017 2574 1271 2666; x_wconf 77' lang='lat' dir='ltr'><strong>QVINTVM.</strong></span> 
     </span>
    </p>
   </div>
   <div class='ocr_carea' id='block_1_7' title="bbox 475 2757 1599 2982">
    <p class='ocr_par' dir='ltr' id='par_1_7' title="bbox 475 2757 1599 2982">
     <span class='ocr_line' id='line_1_16' title="bbox 475 2757 1599 2858; baseline -0.006 -22"><span class='ocrx_word' id='word_1_93' title='bbox 475 2762 533 2836; x_wconf 87' lang='lat' dir='ltr'><strong>De</strong></span> <span class='ocrx_word' id='word_1_94' title='bbox 565 2757 666 2833; x_wconf 80' lang='lat' dir='ltr'><strong>clade</strong></span> <span class='ocrx_word' id='word_1_95' title='bbox 686 2758 876 2854; x_wconf 76' lang='lat' dir='ltr'><strong>copiarum</strong></span> <span class='ocrx_word' id='word_1_96' title='bbox 900 2757 1214 2834; x_wconf 79' lang='lat' dir='ltr'><strong>Tiimiisvariensis</strong></span> <span class='ocrx_word' id='word_1_97' title='bbox 1232 2759 1382 2854; x_wconf 71' lang='lat' dir='ltr'><strong>Bassus,</strong></span> <span class='ocrx_word' id='word_1_98' title='bbox 1412 2759 1599 2858; x_wconf 68' lang='lat' dir='ltr'><strong>sedensque</strong></span> 
     </span>
     <span class='ocr_line' id='line_1_17' title="bbox 973 2885 1107 2982; baseline 0.015 -24"><span class='ocrx_word' id='word_1_99' title='bbox 973 2885 1107 2982; x_wconf 75' lang='lat' dir='ltr'><strong>elapso·</strong></span> 
     </span>
    </p>
   </div>
   <div class='ocr_carea' id='block_1_8' title="bbox 472 3066 1597 3420">
    <p class='ocr_par' dir='ltr' id='par_1_8' title="bbox 472 3066 1597 3420">
     <span class='ocr_line' id='line_1_18' title="bbox 580 3066 1597 3157; baseline 0.001 -15"><span class='ocrx_word' id='word_1_100' title='bbox 580 3068 656 3142; x_wconf 86' lang='lat' dir='ltr'><strong>Vix</strong></span> <span class='ocrx_word' id='word_1_101' title='bbox 674 3068 767 3142; x_wconf 87' lang='lat' dir='ltr'><strong>haee</strong></span> <span class='ocrx_word' id='word_1_102' title='bbox 785 3066 1022 3157; x_wconf 85' lang='lat' dir='ltr'><strong>resederant,</strong></span> <span class='ocrx_word' id='word_1_103' title='bbox 1043 3089 1123 3140; x_wconf 90' lang='lat' dir='ltr'><strong>eum</strong></span> <span class='ocrx_word' id='word_1_104' title='bbox 1143 3088 1229 3140; x_wconf 79' lang='lat' dir='ltr'><strong>enee</strong></span> <span class='ocrx_word' id='word_1_105' title='bbox 1258 3088 1391 3141; x_wconf 90' lang='lat' dir='ltr'><strong>novum</strong></span> <span class='ocrx_word' id='word_1_106' title='bbox 1420 3067 1466 3143; x_wconf 91' lang='lat' dir='ltr'><strong>de</strong></span> <span class='ocrx_word' id='word_1_107' title='bbox 1495 3068 1597 3143; x_wconf 81' lang='lat' dir='ltr'><strong>clade</strong></span> 
     </span>
     <span class='ocr_line' id='line_1_19' title="bbox 472 3193 1594 3291; baseline -0.005 -18"><span class='ocrx_word' id='word_1_108' title='bbox 472 3195 797 3273; x_wconf 81' lang='lat' dir='ltr'><strong>Tdmdsvariensis</strong></span> <span class='ocrx_word' id='word_1_109' title='bbox 816 3196 961 3269; x_wconf 86' lang='lat' dir='ltr'><strong>Bassae</strong></span> <span class='ocrx_word' id='word_1_110' title='bbox 986 3193 1219 3288; x_wconf 86' lang='lat' dir='ltr'><strong>evangelium</strong></span> <span class='ocrx_word' id='word_1_111' title='bbox 1239 3201 1468 3291; x_wconf 86' lang='lat' dir='ltr'><strong>apportatur.</strong></span> <span class='ocrx_word' id='word_1_112' title='bbox 1501 3195 1594 3268; x_wconf 83' lang='lat' dir='ltr'><strong>Eva·</strong></span> 
     </span>
     <span class='ocr_line' id='line_1_20' title="bbox 474 3318 1595 3420; baseline -0.004 -24"><span class='ocrx_word' id='word_1_113' title='bbox 474 3330 577 3397; x_wconf 88' lang='lat' dir='ltr'><strong>serat</strong></span> <span class='ocrx_word' id='word_1_114' title='bbox 609 3322 642 3395; x_wconf 90' lang='lat' dir='ltr'><strong>is</strong></span> <span class='ocrx_word' id='word_1_115' title='bbox 658 3320 787 3420; x_wconf 73' lang='lat' dir='ltr'><strong>¹nuper</strong></span> <span class='ocrx_word' id='word_1_116' title='bbox 815 3344 861 3394; x_wconf 83' lang='lat' dir='ltr'><strong>ex</strong></span> <span class='ocrx_word' id='word_1_117' title='bbox 889 3320 995 3395; x_wconf 91' lang='lat' dir='ltr'><strong>elade</strong></span> <span class='ocrx_word' id='word_1_118' title='bbox 1016 3318 1272 3412; x_wconf 82' lang='lat' dir='ltr'><strong>Faesadiensi,</strong></span> <span class='ocrx_word' id='word_1_119' title='bbox 1300 3319 1595 3417; x_wconf 77' lang='lat' dir='ltr'><strong>provinciamque</strong></span> 
     </span>
    </p>
   </div>
   <div class='ocr_carea' id='block_1_9' title="bbox 321 3445 1596 3552">
    <p class='ocr_par' dir='ltr' id='par_1_9' title="bbox 321 3445 1596 3552">
     <span class='ocr_line' id='line_1_21' title="bbox 321 3445 1596 3552; baseline -0.003 -31"><span class='ocrx_word' id='word_1_120' title='bbox 321 3494 324 3501; x_wconf 46' lang='grc' dir='ltr'><em>ι</em></span> <span class='ocrx_word' id='word_1_121' title='bbox 357 3488 371 3552; x_wconf 55' lang='lat'>5</span> <span class='ocrx_word' id='word_1_122' title='bbox 474 3469 578 3521; x_wconf 86' lang='lat' dir='ltr'><strong>suam</strong></span> <span class='ocrx_word' id='word_1_123' title='bbox 598 3469 644 3520; x_wconf 84' lang='lat' dir='ltr'><strong>ex</strong></span> <span class='ocrx_word' id='word_1_124' title='bbox 664 3469 708 3520; x_wconf 93' lang='lat' dir='ltr'><strong>eo</strong></span> <span class='ocrx_word' id='word_1_125' title='bbox 727 3453 893 3541; x_wconf 89' lang='lat' dir='ltr'><strong>tempore</strong></span> <span class='ocrx_word' id='word_1_126' title='bbox 912 3445 948 3518; x_wconf 90' lang='lat' dir='ltr'><strong>in</strong></span> <span class='ocrx_word' id='word_1_127' title='bbox 969 3453 1044 3518; x_wconf 89' lang='lat' dir='ltr'><strong>tam</strong></span> <span class='ocrx_word' id='word_1_128' title='bbox 1064 3445 1262 3541; x_wconf 90' lang='lat' dir='ltr'><strong>desperato</strong></span> <span class='ocrx_word' id='word_1_129' title='bbox 1283 3467 1403 3519; x_wconf 90' lang='lat' dir='ltr'><strong>rerum</strong></span> <span class='ocrx_word' id='word_1_130' title='bbox 1425 3446 1596 3520; x_wconf 82' lang='lat' dir='ltr'><strong>Tureiea·</strong></span> 
     </span>
    </p>
   </div>
   <div class='ocr_carea' id='block_1_10' title="bbox 393 3569 1597 4792">
    <p class='ocr_par' dir='ltr' id='par_1_10' title="bbox 393 3569 1597 4792">
     <span class='ocr_line' id='line_1_22' title="bbox 474 3569 1595 3648; baseline -0.004 0"><span class='ocrx_word' id='word_1_131' title='bbox 474 3596 553 3648; x_wconf 89' lang='lat' dir='ltr'><strong>rum</strong></span> <span class='ocrx_word' id='word_1_132' title='bbox 582 3578 681 3647; x_wconf 85' lang='lat' dir='ltr'><strong>statu</strong></span> <span class='ocrx_word' id='word_1_133' title='bbox 709 3570 885 3645; x_wconf 78' lang='lat' dir='ltr'><strong>mediocri</strong></span> <span class='ocrx_word' id='word_1_134' title='bbox 915 3593 994 3645; x_wconf 86' lang='lat' dir='ltr'><strong>eum</strong></span> <span class='ocrx_word' id='word_1_135' title='bbox 1015 3569 1124 3645; x_wconf 86' lang='lat' dir='ltr'><strong>laude</strong></span> <span class='ocrx_word' id='word_1_136' title='bbox 1148 3569 1484 3646; x_wconf 83' lang='lat' dir='ltr'><strong>administraverat.</strong></span> <span class='ocrx_word' id='word_1_137' title='bbox 1506 3569 1595 3646; x_wconf 83' lang='lat' dir='ltr'><strong>Sub-</strong></span> 
     </span>
     <span class='ocr_line' id='line_1_23' title="bbox 481 3695 1597 3795; baseline -0.004 -22"><span class='ocrx_word' id='word_1_138' title='bbox 481 3698 629 3773; x_wconf 88' lang='lat' dir='ltr'><strong>stitntus</strong></span> <span class='ocrx_word' id='word_1_139' title='bbox 650 3705 707 3771; x_wconf 88' lang='lat' dir='ltr'><strong>est</strong></span> <span class='ocrx_word' id='word_1_140' title='bbox 726 3696 760 3770; x_wconf 92' lang='lat' dir='ltr'><strong>ei</strong></span> <span class='ocrx_word' id='word_1_141' title='bbox 789 3718 916 3770; x_wconf 90' lang='lat' dir='ltr'><strong>mense</strong></span> <span class='ocrx_word' id='word_1_142' title='bbox 935 3697 1108 3772; x_wconf 84' lang='lat' dir='ltr'><strong>Ianuario</strong></span> <span class='ocrx_word' id='word_1_143' title='bbox 1136 3718 1254 3771; x_wconf 86' lang='lat' dir='ltr'><strong>nevus</strong></span> <span class='ocrx_word' id='word_1_144' title='bbox 1273 3697 1405 3790; x_wconf 87' lang='lat' dir='ltr'><strong>Bassa,</strong></span> <span class='ocrx_word' id='word_1_145' title='bbox 1434 3720 1508 3795; x_wconf 89' lang='lat' dir='ltr'><strong>quo</strong></span> <span class='ocrx_word' id='word_1_146' title='bbox 1528 3695 1597 3769; x_wconf 82' lang='grc' dir='ltr'><strong>Τὸ-</strong></span> 
     </span>
     <span class='ocr_line' id='line_1_24' title="bbox 475 3821 1595 3920; baseline -0.005 -22"><span class='ocrx_word' id='word_1_147' title='bbox 475 3829 685 3898; x_wconf 82' lang='lat' dir='ltr'><strong>mdsvarum</strong></span> <span class='ocrx_word' id='word_1_148' title='bbox 703 3821 886 3917; x_wconf 83' lang='lat' dir='ltr'><strong>ingresso,</strong></span> <span class='ocrx_word' id='word_1_149' title='bbox 909 3822 1004 3895; x_wconf 86' lang='lat' dir='ltr'><strong>alter</strong></span> <span class='ocrx_word' id='word_1_150' title='bbox 1023 3821 1087 3896; x_wconf 92' lang='lat' dir='ltr'><strong>ille</strong></span> <span class='ocrx_word' id='word_1_151' title='bbox 1097 3823 1373 3919; x_wconf 77' lang='lat' dir='ltr'><strong>proconsularis</strong></span> <span class='ocrx_word' id='word_1_152' title='bbox 1387 3823 1595 3920; x_wconf 83' lang='lat' dir='ltr'><strong>praefectus</strong></span> 
     </span>
     <span class='ocr_line' id='line_1_25' title="bbox 474 3948 1596 4046; baseline -0.005 -20"><span class='ocrx_word' id='word_1_153' title='bbox 474 3973 540 4026; x_wconf 88' lang='lat' dir='ltr'><strong>seu</strong></span> <span class='ocrx_word' id='word_1_154' title='bbox 558 3951 701 4026; x_wconf 90' lang='lat' dir='ltr'><strong>Budam</strong></span> <span class='ocrx_word' id='word_1_155' title='bbox 725 3950 843 4024; x_wconf 89' lang='lat' dir='ltr'><strong>iturus</strong></span> <span class='ocrx_word' id='word_1_156' title='bbox 873 3948 922 4023; x_wconf 89' lang='lat' dir='ltr'><strong>ad</strong></span> <span class='ocrx_word' id='word_1_157' title='bbox 950 3948 1223 4046; x_wconf 78' lang='lat' dir='ltr'><strong>suscipiendum</strong></span> <span class='ocrx_word' id='word_1_158' title='bbox 1248 3949 1462 4046; x_wconf 79' lang='lat' dir='ltr'><strong>provinciae</strong></span> <span class='ocrx_word' id='word_1_159' title='bbox 1487 3949 1596 4044; x_wconf 89' lang='lat' dir='ltr'><strong>impe·</strong></span> 
     </span>
     <span class='ocr_line' id='line_1_26' title="bbox 473 4074 1594 4173; baseline -0.003 -24"><span class='ocrx_word' id='word_1_160' title='bbox 473 4075 577 4165; x_wconf 88' lang='lat' dir='ltr'><strong>rium,</strong></span> <span class='ocrx_word' id='word_1_161' title='bbox 607 4099 673 4151; x_wconf 91' lang='lat' dir='ltr'><strong>seu</strong></span> <span class='ocrx_word' id='word_1_162' title='bbox 692 4099 772 4151; x_wconf 87' lang='lat' dir='ltr'><strong>eum</strong></span> <span class='ocrx_word' id='word_1_163' title='bbox 799 4075 942 4149; x_wconf 82' lang='lat' dir='ltr'><strong>familia</strong></span> <span class='ocrx_word' id='word_1_164' title='bbox 971 4075 1175 4173; x_wconf 90' lang='lat' dir='ltr'><strong>opibusque</strong></span> <span class='ocrx_word' id='word_1_165' title='bbox 1205 4074 1374 4150; x_wconf 88' lang='lat' dir='ltr'><strong>omnibus</strong></span> <span class='ocrx_word' id='word_1_166' title='bbox 1403 4075 1441 4148; x_wconf 92' lang='lat' dir='ltr'><strong>in</strong></span> <span class='ocrx_word' id='word_1_167' title='bbox 1461 4075 1594 4150; x_wconf 86' lang='lat' dir='ltr'><strong>tutiora</strong></span> 
     </span>
     <span class='ocr_line' id='line_1_27' title="bbox 474 4197 1594 4297; baseline -0.001 -24"><span class='ocrx_word' id='word_1_168' title='bbox 474 4197 722 4276; x_wconf 81' lang='lat' dir='ltr'><strong>&#39;Pdmdsvario</strong></span> <span class='ocrx_word' id='word_1_169' title='bbox 743 4198 1004 4296; x_wconf 79' lang='lat' dir='ltr'><strong>emigraturus,</strong></span> <span class='ocrx_word' id='word_1_170' title='bbox 1034 4200 1327 4297; x_wconf 81' lang='lat' dir='ltr'><strong>octingentorum</strong></span> <span class='ocrx_word' id='word_1_171' title='bbox 1347 4200 1505 4292; x_wconf 87' lang='lat' dir='ltr'><strong>eireiter,</strong></span> <span class='ocrx_word' id='word_1_172' title='bbox 1527 4222 1594 4297; x_wconf 87' lang='lat' dir='ltr'><strong>qua</strong></span> 
     </span>
     <span class='ocr_line' id='line_1_28' title="bbox 473 4325 1593 4424; baseline -0.002 -22"><span class='ocrx_word' id='word_1_173' title='bbox 473 4326 635 4422; x_wconf 89' lang='lat' dir='ltr'><strong>equitum</strong></span> <span class='ocrx_word' id='word_1_174' title='bbox 663 4349 735 4422; x_wconf 86' lang='lat' dir='ltr'><strong>qua</strong></span> <span class='ocrx_word' id='word_1_175' title='bbox 758 4325 932 4424; x_wconf 89' lang='lat' dir='ltr'><strong>peditum,</strong></span> <span class='ocrx_word' id='word_1_176' title='bbox 961 4333 1150 4401; x_wconf 82' lang='lat' dir='ltr'><strong>catervam</strong></span> <span class='ocrx_word' id='word_1_177' title='bbox 1179 4325 1369 4401; x_wconf 82' lang='lat' dir='ltr'><strong>custodiae</strong></span> <span class='ocrx_word' id='word_1_178' title='bbox 1397 4345 1512 4401; x_wconf 86' lang='lat' dir='ltr'><strong>eausa</strong></span> <span class='ocrx_word' id='word_1_179' title='bbox 1540 4347 1593 4400; x_wconf 84' lang='lat' dir='ltr'><strong>se·</strong></span> 
     </span>
     <span class='ocr_line' id='line_1_29' title="bbox 473 4450 1592 4548; baseline 0 -23"><span class='ocrx_word' id='word_1_180' title='bbox 473 4474 553 4525; x_wconf 89' lang='lat' dir='ltr'><strong>eum</strong></span> <span class='ocrx_word' id='word_1_181' title='bbox 572 4451 755 4527; x_wconf 83' lang='lat' dir='ltr'><strong>trahebat.</strong></span> <span class='ocrx_word' id='word_1_182' title='bbox 777 4450 1040 4525; x_wconf 89' lang='lat' dir='ltr'><strong>Inaudiverant</strong></span> <span class='ocrx_word' id='word_1_183' title='bbox 1050 4450 1141 4526; x_wconf 92' lang='lat' dir='ltr'><strong>illud</strong></span> <span class='ocrx_word' id='word_1_184' title='bbox 1150 4450 1260 4526; x_wconf 88' lang='lat' dir='ltr'><strong>liberi</strong></span> <span class='ocrx_word' id='word_1_185' title='bbox 1271 4452 1427 4548; x_wconf 87' lang='lat' dir='ltr'><strong>pedites,</strong></span> <span class='ocrx_word' id='word_1_186' title='bbox 1445 4452 1592 4528; x_wconf 85' lang='lat' dir='ltr'><strong>faetum-</strong></span> 
     </span>
     <span class='ocr_line' id='line_1_30' title="bbox 474 4557 1594 4671; baseline 0.001 -22"><span class='ocrx_word' id='word_1_187' title='bbox 474 4598 544 4671; x_wconf 91' lang='lat' dir='ltr'><strong>que</strong></span> <span class='ocrx_word' id='word_1_188' title='bbox 565 4575 733 4649; x_wconf 83' lang='lat' dir='ltr'><strong>fortunae</strong></span> <span class='ocrx_word' id='word_1_189' title='bbox 752 4557 967 4671; x_wconf 84' lang='lat' dir='ltr'><strong>perieulum,</strong></span> <span class='ocrx_word' id='word_1_190' title='bbox 989 4581 1026 4648; x_wconf 87' lang='lat' dir='ltr'><strong>et</strong></span> <span class='ocrx_word' id='word_1_191' title='bbox 1036 4575 1157 4670; x_wconf 87' lang='lat' dir='ltr'><strong>quasi,</strong></span> <span class='ocrx_word' id='word_1_192' title='bbox 1177 4574 1229 4649; x_wconf 94' lang='lat' dir='ltr'><strong>uti</strong></span> <span class='ocrx_word' id='word_1_193' title='bbox 1248 4597 1328 4648; x_wconf 92' lang='lat' dir='ltr'><strong>mos</strong></span> <span class='ocrx_word' id='word_1_194' title='bbox 1340 4573 1511 4649; x_wconf 86' lang='lat' dir='ltr'><strong>militaris</strong></span> <span class='ocrx_word' id='word_1_195' title='bbox 1531 4581 1594 4650; x_wconf 84' lang='lat' dir='ltr'><strong>est</strong></span> 
     </span>
     <span class='ocr_line' id='line_1_31' title="bbox 393 4699 1596 4792; baseline -0.003 -14"><span class='ocrx_word' id='word_1_196' title='bbox 393 4767 403 4778; x_wconf 86' lang='lat'><strong>.</strong></span> <span class='ocrx_word' id='word_1_197' title='bbox 473 4701 561 4775; x_wconf 87' lang='lat' dir='ltr'><strong>novi</strong></span> <span class='ocrx_word' id='word_1_198' title='bbox 583 4701 670 4774; x_wconf 84' lang='lat' dir='ltr'><strong>anni</strong></span> <span class='ocrx_word' id='word_1_199' title='bbox 691 4700 812 4774; x_wconf 89' lang='lat' dir='ltr'><strong>aleam</strong></span> <span class='ocrx_word' id='word_1_200' title='bbox 832 4699 974 4792; x_wconf 83' lang='lat' dir='ltr'><strong>iacturi,</strong></span> <span class='ocrx_word' id='word_1_201' title='bbox 995 4699 1086 4774; x_wconf 87' lang='lat' dir='ltr'><strong>duee</strong></span> <span class='ocrx_word' id='word_1_202' title='bbox 1097 4701 1257 4777; x_wconf 80' lang='lat' dir='ltr'><strong>Martius</strong></span> <span class='ocrx_word' id='word_1_203' title='bbox 1269 4701 1423 4790; x_wconf 79' lang='lat' dir='ltr'><strong>Horvtt,</strong></span> <span class='ocrx_word' id='word_1_204' title='bbox 1444 4702 1596 4776; x_wconf 85' lang='lat' dir='ltr'><strong>traiecto</strong></span> 
     </span>
    </p>
   </div>
   <div class='ocr_carea' id='block_1_11' title="bbox 0 0 1818 5534">
    <p class='ocr_par' dir='ltr' id='par_1_11' title="bbox 0 0 1818 5534">
     <span class='ocr_line' id='line_1_32' title="bbox 0 0 1818 5534; baseline 0 0"><span class='ocrx_word' id='word_1_205' title='bbox 0 0 1818 5534; x_wconf 95' lang='lat' dir='ltr'><strong> </strong></span> 
     </span>
    </p>
   </div>
  </div>
 </body>
</html>
