3625 5534
470 502 548 580 312
866 523 916 574 10.
935 521 1039 574 onon
1058 521 1205 574 nsnovu

470 705 552 794 rint,
572 700 738 776 dextram
757 707 893 797 petent,
914 707 950 774 et
968 699 1142 797 plateam,
1172 718 1267 795 quae
1290 699 1443 796 primum
1463 721 1586 774 occur-

468 831 526 923 rit,
556 855 601 906 ac
620 830 738 904 lorum
757 849 889 903 versus
919 827 1131 925 porrigitur,
1161 828 1404 924 occupabunt,
1432 851 1587 926 oocupa-

468 966 616 1056 tamque
635 956 843 1050 tuebuntur,
858 976 1069 1053 summoque
1089 959 1221 1028 conatu
1239 952 1278 1027 id
1288 952 1426 1028 dabunt
1435 975 1585 1053 operae,

469 1094 509 1163 ut
534 1087 616 1161 foro
643 1084 840 1184 potiantur,
879 1090 917 1158 et
933 1083 1121 1183 proximos
1140 1105 1306 1180 quosque
1334 1082 1436 1158 vicos
1475 1090 1588 1182 atque

470 1213 698 1311 angiportus,
717 1211 754 1285 in
773 1231 866 1309 quos
884 1209 1087 1305 inciderint,
1106 1210 1305 1294 obtineant.
1325 1207 1471 1285 Dehinc
1488 1217 1589 1287 totus

469 1338 704 1438 Vngarorum
737 1335 922 1436 peditatus
959 1363 981 1414 a
1019 1337 1171 1414 dextera
1208 1336 1433 1435 sinistraque
1470 1347 1588 1434 parte,

470 1489 578 1564 quam
596 1470 721 1566 potest
738 1464 940 1558 celerrime,
960 1463 1055 1539 omni
1074 1462 1306 1540 contentione
1321 1465 1456 1539 vallum
1475 1473 1590 1562 petet,

469 1619 514 1671 ac
531 1593 570 1668 in
588 1592 626 1668 id
645 1613 785 1669 summa
804 1614 873 1691 ope
885 1592 1031 1704 nitetur,
1059 1601 1099 1668 ut
1116 1591 1284 1690 inprimis
1303 1589 1528 1688 Vngaricum
1547 1604 1588 1670 et

470 1719 707 1812 Caesareum,
726 1742 821 1817 quae
848 1718 919 1794 duo
948 1742 1086 1795 cornua
1104 1717 1346 1815 Albaeregsli
1373 1725 1457 1794 snut
1477 1743 1591 1819 oppo-

469 1849 554 1944 sita,
574 1819 774 1938 obtineant,
806 1869 850 1921 ac
869 1847 923 1922 ita
941 1854 1055 1923 totum
1075 1845 1211 1922 vallum
1240 1847 1278 1922 in
1306 1869 1409 1921 suam
1427 1853 1590 1945 potesta·

474 1983 548 2050 tem
566 1973 722 2072 redigat.
742 1971 918 2070 Vngaros
938 1974 1098 2072 excipiet
1116 1975 1201 2050 Don
1221 1973 1346 2073 Lopcz
1364 1973 1497 2048 cohors
1516 1975 1592 2050 lta-

468 2104 550 2196 lica,
588 2125 681 2200 quae
710 2099 879 2175 similiter
909 2108 949 2175 ut
969 2101 1112 2197 Vngari
1139 2081 1276 2184 uallum
1300 2109 1507 2199 capessent,
1544 2127 1589 2177 ac

468 2229 635 2329 Vngaris
655 2228 861 2304 subsidium
879 2229 1009 2321 terent,
1030 2229 1320 2327 continuatisque
1349 2228 1489 2304 viribus
1509 2235 1586 2304 toto
1654 2301 1660 2310 .

469 2357 569 2436 vallo
597 2357 794 2456 potientur.
834 2353 928 2430 Hos·
946 2364 1121 2454 sequatur
1148 2351 1281 2429 cohors
1310 2354 1355 2428 de
1383 2353 1589 2448 strasoldo,

470 2487 533 2586 qui
550 2493 591 2560 ut
607 2484 762 2584 primum
782 2507 861 2558 cum
890 2485 969 2560 suis
998 2490 1142 2581 portam
1170 2480 1383 2572 transierit,
1421 2483 1588 2580 proxime

471 2613 519 2688 ad
537 2614 682 2688 laevam
704 2611 835 2710 pedem
863 2611 962 2707 liget,
992 2633 1060 2686 neo
1077 2609 1161 2683 inde
1181 2631 1361 2705 quoquam
1375 2608 1446 2683 nisi
1465 2609 1590 2685 iussus
1739 2651 1740 2720 ἦ

469 2737 629 2815 recedet.
664 2737 832 2812 Tandem
861 2761 941 2813 cum
969 2737 1141 2814 universo
1162 2733 1356 2812 Gallorum
1376 2734 1591 2813 Vallonum·

470 2889 541 2963 qne
559 2863 723 2939 exercitu
748 2865 905 2958 residuo,
935 2867 1172 2965 peditatuque
1202 2861 1424 2939 Germanico
1454 2863 1590 2940 Comes

468 2994 550 3092 ipsc
569 2987 967 3088 Schwarzcnburgicus
992 2991 1229 3089 ingredictur,
1248 2998 1396 3066 etrecta
1415 2990 1452 3065 in
1470 2992 1590 3066 forum

470 3118 672 3214 contendet,
699 3127 740 3194 nt
766 3119 852 3196 inde
870 3119 1134 3196 laborantibus
1155 3119 1192 3192 in
1212 3141 1339 3193 omncs
1356 3109 1496 3217 par‘tes,
1526 3121 1590 3195 uhi

469 3267 624 3321 necesse
651 3244 773 3339 fuerit,
802 3270 908 3345 opem
941 3246 1046 3321 ferat.
1086 3241 1244 3354 Comitia
1270 3267 1402 3339 agmen
1431 3245 1592 3344 excipiet

471 3368 621 3447 Gallica
648 3370 779 3446 cohors
800 3373 961 3470 equitum
999 3395 1070 3447 von
1090 3370 1135 3446 de
1163 3369 1287 3471 Huyn,
1308 3371 1369 3468 qui
1388 3369 1459 3446 cito
1480 3393 1593 3446 cursu

471 3498 518 3574 ad
537 3499 655 3574 forum
674 3499 878 3593 contendet,
906 3499 1069 3595 illudque
1091 3506 1262 3574 conserta
1281 3521 1388 3573 manu
1407 3497 1590 3573 Barbaria

471 3633 689 3723 extorquere
725 3626 928 3701 conabitur.
968 3625 1049 3702 Hos
1068 3625 1247 3700 Dominus
1271 3625 1317 3699 de
1336 3623 1489 3701 Verlcin
1509 3647 1591 3699 cum

469 3774 537 3827 soa
555 3750 748 3850 compania
766 3759 951 3848 sequetur,
987 3751 1048 3849 qni
1082 3751 1214 3826 relicta
1250 3758 1359 3848 porta
1384 3751 1591 3849 proximum

471 3879 628 3976 spatium
654 3877 752 3952 inter
780 3877 906 3953 domos
937 3886 974 3953 ct
993 3879 1129 3953 vallum
1150 3877 1353 3975 occupabit,
1382 3885 1418 3952 et
1446 3879 1493 3952 ad
1513 3879 1591 3955 Da-

469 4006 618 4082 nubium
636 4028 761 4103 uoque,
784 4006 859 4080 nisi
878 4030 1026 4104 pugnae
1045 4005 1251 4082 necessitas
1270 4005 1486 4105 impedierit,
1506 4031 1590 4106 pro-

470 4133 587 4226 cedet,
607 4133 706 4208 acin
728 4133 800 4207 hoc
816 4132 1011 4228 incumbet,
1039 4157 1084 4208 ne
1102 4133 1296 4209 Barbarus
1314 4133 1351 4208 in
1369 4133 1447 4210 ulla
1465 4134 1591 4210 civita-

470 4260 519 4336 tis
537 4267 643 4358 parte
662 4282 747 4336 sese
766 4260 929 4357 colligat,
964 4260 1162 4361 copiasque
1182 4283 1270 4336 suas
1290 4261 1494 4357 conglobet.
1526 4262 1591 4338 Ni-

472 4386 600 4463 colaus
617 4385 759 4462 Pollius
778 4409 856 4462 cum
875 4387 1053 4481 ungarico
1074 4387 1248 4484 equitatu,
1269 4393 1306 4462 et
1324 4387 1442 4462 tribus
1460 4387 1590 4464 turmis

475 4512 802 4612 cataphractorum,
821 4513 859 4586 in
877 4537 1005 4613 campo
1023 4514 1071 4589 ad
1089 4514 1278 4612 utriusque
1296 4513 1465 4590 fortunae
1484 4538 1592 4590 even-

474 4649 561 4735 tum,
580 4647 687 4717 extra
706 4641 945 4740 portasurbis
966 4643 1150 4736 consistet,
1163 4649 1199 4716 et
1218 4640 1445 4738 arlvigilabit,
1464 4667 1510 4718 ne
1530 4644 1590 4718 vel

475 4767 605 4846 orbani
622 4766 769 4844 Turcac
797 4778 990 4868 erumpant
1018 4779 1127 4868 atque
1156 4769 1325 4865 evadant,
1354 4770 1415 4846 vel
1442 4769 1590 4846 finitimi
