3625 5534
450 423 526 498 118
853 446 901 495 ro.
924 445 1022 496 naon
1042 445 1189 496 nnnovn

449 622 657 698 discrimine
676 621 874 696 crudeliter
892 627 1113 695 mactavere.
1127 620 1304 716 Virgines
1315 630 1447 712 tamen
1458 644 1577 696 acse-

449 750 624 824 lectiores
642 755 840 838 matronas,
869 767 963 843 quas
991 746 1052 820 vel
1081 745 1206 843 aliqua
1233 746 1353 820 forma
1375 747 1575 843 insignior,

449 875 509 951 rel
529 882 636 950 aetas
653 874 785 950 florida
804 872 1086 963 commendaret,
1105 871 1153 946 ad
1163 871 1364 947 inauditam
1384 872 1577 948 libidinem

451 1000 670 1100 explendam
705 1003 955 1092 reservarunt,
984 1021 1058 1095 qua
1086 997 1336 1095 usqueadeo,
1373 1000 1580 1097 plerasque

452 1151 577 1206 earnm
597 1127 696 1203 humi
714 1128 907 1225 religatas,
925 1125 1413 1225 promiscueexcruciarunt,
1427 1117 1588 1202 utmor-·

452 1263 526 1331 tem
545 1262 698 1352 propter
716 1253 754 1329 id
773 1254 932 1330 dedecus
952 1253 1159 1350 complures
1179 1275 1305 1329 earum
1324 1253 1490 1329 obierint
1502 1255 1578 1328 Im·

455 1386 619 1456 maturas
638 1379 817 1476 virgines,
850 1401 896 1453 ac
919 1399 1055 1477 pueros
1079 1378 1343 1471 crudelissima,
1368 1399 1485 1475 eaque
1513 1401 1580 1452 ne·

457 1505 573 1581 fanda
609 1527 755 1597 venere,
784 1512 967 1597 enecatos,
1008 1504 1148 1602 passim
1177 1505 1215 1578 in
1243 1504 1314 1578 viis
1352 1503 1578 1579 abiecerunt.

454 1629 589 1707 Coram
608 1630 699 1706 viris
717 1653 864 1723 uxores,
884 1639 922 1706 et
940 1630 1156 1729 parentibus
1174 1629 1273 1704 filias
1301 1629 1487 1704 incestare
1505 1650 1579 1727 pro

452 1756 647 1857 voluptate
675 1757 866 1834 duxeruut.
905 1757 1233 1834 Discumbentibus
1274 1756 1322 1829 ad
1359 1755 1480 1830 cibum
1515 1777 1581 1830 su·

456 1883 635 1976 mendum,
654 1883 766 1958 nocti
786 1883 1041 1959 crudelissime
1069 1882 1206 1980 captivi
1234 1905 1452 1970 mensarum,
1481 1880 1582 1956 sedi·

453 2009 614 2105 liumque
642 2008 759 2083 vicem
786 2009 1053 2106 praebuerunt,
1086 2007 1258 2082 Effossos
1275 2007 1314 2080 in
1347 2005 1582 2082 coemeteriis

461 2141 624 2209 mortuos
643 2135 876 2230 transfigere,
897 2133 990 2208 etin
1011 2139 1116 2209 eruta
1144 2132 1307 2230 praedae
1330 2131 1453 2208 studio
1472 2132 1584 2208 cada·

453 2283 545 2337 vera
562 2258 708 2335 saevire
726 2260 861 2357 volupe
878 2259 955 2333 illis
974 2259 1054 2334 luit.
1075 2259 1199 2334 Boves
1219 2259 1418 2354 anteriore,
1434 2266 1473 2333 et
1492 2281 1582 2356 pos·

455 2389 592 2464 teriorc
610 2395 717 2486 parte
735 2387 956 2480 excoriatos,
976 2394 1014 2462 et
1032 2387 1110 2462 suis
1131 2410 1255 2463 eorum
1275 2386 1398 2462 crudis
1418 2384 1584 2482 tergori·

457 2515 530 2590 bus
550 2512 768 2610 colligatos:
806 2515 975 2611 captivas
1002 2513 1088 2589 item
1118 2514 1308 2604 foeminas,
1345 2537 1390 2590 ac
1416 2513 1586 2610 virgines

458 2639 637 2719 detractis
665 2638 713 2713 ad
742 2639 978 2736 opprobrium
1006 2639 1173 2715 vestibus
1193 2646 1455 2717 concatenatas
1474 2660 1586 2738 peco-

459 2787 538 2838 rum
557 2765 677 2840 instar
698 2771 782 2840 aute
801 2787 843 2840 se
861 2765 991 2858 nudas,
1011 2774 1049 2842 et
1056 2763 1186 2862 flagris
1196 2765 1401 2856 Tartareis,
1416 2765 1481 2840 ubi
1490 2787 1586 2862 prae

459 2889 678 2966 lassitudine
695 2889 751 2964 ire
769 2912 844 2965 non
861 2897 1026 2989 possent,
1044 2889 1307 2967 immanissime
1339 2912 1472 2967 caesas
1491 2913 1584 2987 ege·

457 3023 553 3092 runt.
575 3013 750 3092 Sitientes
770 3040 861 3116 prae
878 3038 1047 3092 moerore
1077 3017 1341 3116 laboribusque
1359 3039 1506 3116 pueros,
1536 3039 1586 3090 ae

457 3144 623 3240 virgines
642 3141 775 3240 equino
794 3144 891 3218 lacte
915 3151 1105 3242 potavere.
1136 3142 1355 3219 Esurientes
1383 3143 1586 3220 semicocta

460 3291 571 3346 came
590 3269 725 3365 equina
744 3268 928 3344 cibavere.
955 3267 1210 3364 Praegnantes
1220 3269 1403 3362 mulieres,
1418 3291 1491 3346 una
1501 3291 1585 3344 cum

459 3395 663 3470 immaturis
682 3395 851 3493 partibus
871 3396 1092 3486 dissecuere,
1110 3395 1270 3471 utsitum
1285 3419 1411 3472 eorum
1425 3396 1583 3472 inutero

461 3526 626 3594 materno
646 3527 868 3618 spectarent,
879 3528 917 3596 et
925 3521 1032 3597 huius
1044 3521 1252 3636 dirissimae
1263 3521 1469 3597 anatomiae
1479 3543 1586 3621 spec-

461 3646 584 3722 taculo
603 3644 730 3721 oculos
749 3639 1208 3747 exultabuudispascerent.
1219 3648 1358 3724 Horret
1376 3648 1587 3724 ammusco

461 3772 596 3869 gitare,
614 3778 652 3845 et
670 3771 783 3868 pudet
801 3796 858 3847 me
877 3773 1021 3869 reliqua
1047 3773 1234 3849 inauditae
1261 3774 1500 3849 immanitatis
1517 3797 1585 3872 ge-

460 3920 561 3988 nera,
580 3920 676 3994 quae
694 3920 763 3972 nos
781 3897 855 3995 ipsi
872 3921 967 3996 pene
988 3897 1103 3973 oculis
1121 3899 1271 3986 nostris,
1290 3899 1361 3974 bac
1369 3899 1587 3974 tristissima

460 4031 683 4120 tempestate
702 4024 971 4123 conspeximus,
991 4026 1050 4100 vel
1069 4032 1170 4102 certe
1190 4027 1238 4100 ab
1249 4025 1407 4103 oculatis
1426 4025 1584 4113 testibus

460 4149 679 4249 accepimus,
699 4151 919 4249 singillatim
939 4175 1147 4248 recensere,
1171 4153 1317 4252 quando
1346 4175 1583 4251 quaecunque
1616 4249 1620 4258 ι

460 4274 688 4352 crudelitatis
706 4277 882 4370 facinora,
902 4279 963 4354 vel
982 4278 1176 4376 Busiridis,
1214 4282 1275 4356 vel
1296 4280 1493 4378 Lycaonis,
1521 4279 1584 4354 vel

463 4397 684 4496 Phalaridis,
704 4429 728 4480 a
745 4405 934 4479 veteribus
946 4405 1144 4482 decantata
1161 4429 1240 4482 cnm
1259 4407 1317 4482 his
1337 4405 1585 4498 conferantur,

460 4549 508 4602 ne
525 4525 673 4604 minima
691 4529 836 4626 quidem
855 4554 902 4605 ex
919 4539 1027 4630 parte
1046 4553 1093 4609 ea
1110 4554 1271 4629 aequare
1299 4532 1463 4631 possiut;
1480 4531 1586 4608 nimi-

461 4674 540 4731 rum
559 4651 791 4733 haecomnia
818 4655 1045 4733 crudelitatis
1070 4665 1314 4752 monumenta,
1342 4679 1585 4762 quaeeunque
