3625 5534
475 457 524 532 74
862 475 911 525 1o.
931 474 1032 525 occu
1050 473 1202 525 ssaovu

469 654 716 728 incursionem
735 651 914 740 tacerent,
935 648 1032 722 omni
1051 649 1196 724 ratione
1225 648 1310 738 sibi,
1347 649 1445 725 intra
1475 649 1598 736 officii,

472 779 747 874 religionisque,
788 797 898 872 quam
936 796 1160 848 communem
1209 774 1383 864 colerent,
1421 775 1599 848 terminos

472 905 711 981 continendas
730 901 973 999 intelligebat.
996 901 1233 978 Paohiolcins
1252 903 1367 998 igitur
1386 903 1423 977 in
1435 925 1480 979 eo
1500 913 1599 978 totus

472 1039 565 1124 erat,
584 1037 625 1106 ut
642 1028 886 1128 persuaderet
905 1025 1079 1124 Principi,
1110 1050 1191 1102 eam
1220 1029 1453 1103 occasionem
1483 1029 1518 1103 ei
1538 1030 1600 1104 mi·

470 1158 569 1232 nime
587 1154 859 1252 negligendam,
880 1174 954 1249 qua
973 1159 1139 1227 nontam
1160 1149 1329 1246 Caesari,
1367 1155 1472 1231 cuius
1503 1155 1601 1231 adeo

469 1303 694 1383 propensum
712 1279 752 1354 in
771 1301 813 1354 se
832 1278 992 1354 animum
1011 1277 1175 1367 videret,
1213 1278 1322 1354 fidem
1342 1301 1446 1356 suam
1465 1283 1601 1378 proba-

472 1418 538 1499 ret,
558 1430 668 1506 quam
686 1407 798 1480 rebus
819 1404 897 1478 suis
926 1403 963 1478 in
992 1403 1173 1501 reliquum
1202 1427 1309 1481 omne
1338 1413 1500 1504 lempna,
1542 1413 1603 1482 aut

471 1557 566 1610 nunc
586 1532 805 1620 consuleret,
826 1537 889 1606 aut
910 1529 983 1604 alio
1004 1551 1126 1605 rerum
1146 1535 1247 1606 statu
1268 1529 1331 1605 vix
1343 1554 1506 1628 unquam
1518 1554 1603 1608 con-

472 1658 636 1735 sulturus
651 1656 849 1730 videretur.
886 1655 969 1728 Non
998 1675 1084 1728 esse
1113 1653 1352 1731 dubitandum
1381 1657 1604 1750 affirmabat,

471 1809 580 1860 uuam
607 1783 704 1857 hanc
732 1803 957 1855 communem
986 1779 1143 1856 omnium
1181 1777 1476 1858 Christianorum
1520 1805 1604 1858 esse

472 1918 640 2000 mentem,
659 1917 701 1984 ut
721 1895 902 1982 Barbarie
921 1906 1091 1982 hostibus
1111 1907 1165 1980 ita
1185 1930 1288 1983 arma
1315 1908 1536 2002 inferantur,
1564 1916 1604 1983 ut

472 2041 554 2114 Deo
573 2059 699 2111 eorum
726 2033 824 2107 votis
852 2039 1046 2122 aunuente,
1085 2039 1171 2106 tunc
1200 2032 1342 2108 demum
1362 2033 1604 2131 deponantur,

470 2189 549 2241 cum
568 2161 696 2238 iniusti
715 2160 834 2250 buius,
854 2166 892 2233 et
911 2158 1084 2234 violentis
1103 2158 1266 2255 ipsorum
1287 2159 1447 2256 imperii,
1480 2160 1603 2235 exitii-

471 2314 541 2389 que
559 2288 670 2364 finem
695 2267 780 2361 esse
807 2282 1019 2381 impositum
1048 2283 1225 2358 viderent.
1265 2283 1502 2382 Responsum
1535 2283 1603 2360 Pa·

473 2415 623 2491 chioltio
653 2409 832 2487 eiusmodi
843 2407 967 2482 datum
987 2414 1055 2498 est,
1076 2432 1122 2483 ex
1142 2430 1214 2505 quo
1224 2408 1385 2505 intelligi
1394 2411 1508 2486 facile
1518 2433 1604 2510 pos·

471 2551 540 2632 set,
560 2539 907 2635 Transylvanorum
939 2557 1021 2608 cam
1050 2555 1134 2608 esse
1163 2534 1421 2628 conditionem,
1457 2545 1498 2611 ut
1525 2561 1605 2613 cum

478 2665 613 2742 Turcis
633 2662 800 2753 subiecti,
822 2685 866 2736 ea
884 2685 958 2736 una
976 2685 1028 2752 re,
1049 2659 1211 2735 intanta
1232 2683 1357 2735 eorum
1397 2671 1435 2737 et
1453 2664 1606 2762 propin·

478 2794 637 2892 quitate,
669 2799 706 2864 et
731 2788 907 2886 potentia,
928 2789 1140 2864 libertatem
1170 2810 1273 2862 suam
1295 2796 1479 2882 tucantur,
1498 2791 1608 2866 novis

479 2919 653 3010 consiliis,
675 2940 771 3014 quae
790 2937 905 3012 saepe
925 2915 1026 2989 laeta
1045 2915 1168 3006 initio,
1208 2914 1306 2990 exitu
1327 2915 1453 2991 tristia
1472 2917 1608 3008 forent,

480 3044 672 3121 intendere
691 3041 794 3140 prius
820 3039 989 3130 animum,
1028 3061 1135 3136 quam
1168 3036 1370 3114 Christiani
1409 3042 1611 3117 distractas

480 3172 664 3247 intestinis
683 3168 794 3245 bellis
814 3165 914 3240 vires
944 3165 991 3240 ad
1011 3167 1129 3241 solam
1140 3165 1389 3240 Barbarorum
1408 3167 1611 3264 perniciem

481 3298 703 3379 conferrent,
722 3293 821 3368 haud
840 3299 956 3366 tutum
977 3291 1048 3364 sibi
1078 3313 1162 3366 esse
1193 3289 1338 3366 ducant.
1377 3295 1531 3367 Interea
1559 3301 1611 3367 ta-

481 3447 564 3498 men
582 3421 720 3496 nullam
749 3418 980 3493 occasionem
1008 3417 1349 3514 praetermissuros,
1369 3441 1454 3515 qua,
1488 3417 1612 3516 patria

481 3547 661 3624 incolumi.
684 3546 730 3620 de
749 3543 927 3620 Caesare.
949 3544 1069 3640 dequo
1088 3549 1247 3636 cognata
1258 3551 1379 3640 gente.
1392 3551 1612 3642 atqucoom·

482 3675 579 3751 muni
598 3671 780 3769 religione
799 3673 894 3746 bene
916 3671 1048 3745 mereri
1069 3677 1214 3766 queant.

797 4014 973 4142 cassu
1003 4061 1288 4138 sssmuvu.

511 4249 570 4322 De
586 4247 721 4324 Sinoni
751 4248 801 4319 ad
828 4244 1058 4344 Betproclum
1076 4237 1207 4330 reditu,
1227 4251 1259 4310 et
1289 4238 1517 4337 Vapororcon
1540 4237 1592 4310 ad

686 4369 923 4466 Rnrdotptom
953 4366 1216 4462 Imperatorem
1233 4361 1416 4463 lepotioae.

592 4549 753 4626 Sinauus
774 4573 819 4624 eo
840 4548 878 4621 in
897 4548 993 4634 loco,
1024 4565 1129 4640 quem
1159 4541 1338 4632 diximus,
1377 4562 1456 4614 cum
1487 4539 1534 4615 (le
1555 4563 1617 4615 ra-

482 4675 584 4752 tione
604 4676 763 4756 tuendae
782 4671 1008 4778 provinciae,
1037 4691 1116 4746 cum
1146 4668 1224 4743 suis
1244 4665 1401 4742 consilia
1421 4663 1618 4744 communi-
