<?xml version="1.0" encoding="UTF-8"?>
<!DOCTYPE html PUBLIC "-//W3C//DTD XHTML 1.0 Transitional//EN"
    "http://www.w3.org/TR/xhtml1/DTD/xhtml1-transitional.dtd">
<html xmlns="http://www.w3.org/1999/xhtml" xml:lang="en" lang="en">
 <head>
  <title>
</title>
<meta http-equiv="Content-Type" content="text/html;charset=utf-8" />
  <meta name='ocr-system' content='tesseract 3.04.00' />
  <meta name='ocr-capabilities' content='ocr_page ocr_carea ocr_par ocr_line ocrx_word'/>
</head>
<body>
  <div class='ocr_page' id='page_1' title='image "./magyarhistorija00decsgoog_0316.png"; bbox 0 0 3625 5534; ppageno 0'>
   <div class='ocr_carea' id='block_1_1' title="bbox 432 453 1181 528">
    <p class='ocr_par' dir='ltr' id='par_1_1' title="bbox 432 453 1181 528">
     <span class='ocr_line' id='line_1_1' title="bbox 432 453 1181 528; baseline -0.009 0"><span class='ocrx_word' id='word_1_1' title='bbox 432 453 509 528; x_wconf 80' lang='lat'>226</span> <span class='ocrx_word' id='word_1_2' title='bbox 836 472 885 522; x_wconf 91' lang='lat'>10.</span> <span class='ocrx_word' id='word_1_3' title='bbox 907 471 1008 523; x_wconf 85' lang='lat' dir='ltr'>onon</span> <span class='ocrx_word' id='word_1_4' title='bbox 1032 471 1181 523; x_wconf 71' lang='lat' dir='ltr'>eunoun</span> 
     </span>
    </p>
   </div>
   <div class='ocr_carea' id='block_1_2' title="bbox 435 641 1577 1616">
    <p class='ocr_par' dir='ltr' id='par_1_2' title="bbox 435 641 1577 1616">
     <span class='ocr_line' id='line_1_2' title="bbox 435 641 1572 744; baseline -0.005 -20"><span class='ocrx_word' id='word_1_5' title='bbox 435 651 525 725; x_wconf 86' lang='lat' dir='ltr'>dare</span> <span class='ocrx_word' id='word_1_6' title='bbox 543 648 750 741; x_wconf 88' lang='lat' dir='ltr'>iusserunt;</span> <span class='ocrx_word' id='word_1_7' title='bbox 780 646 866 742; x_wconf 92' lang='lat' dir='ltr'>quin</span> <span class='ocrx_word' id='word_1_8' title='bbox 894 653 932 720; x_wconf 91' lang='lat' dir='ltr'>et</span> <span class='ocrx_word' id='word_1_9' title='bbox 953 647 1145 744; x_wconf 85' lang='lat' dir='ltr'>eruptione</span> <span class='ocrx_word' id='word_1_10' title='bbox 1164 648 1203 720; x_wconf 94' lang='lat' dir='ltr'>in</span> <span class='ocrx_word' id='word_1_11' title='bbox 1221 647 1424 720; x_wconf 86' lang='lat' dir='ltr'>stationem</span> <span class='ocrx_word' id='word_1_12' title='bbox 1443 641 1572 718; x_wconf 82' lang='lat' dir='ltr'>Vara·</span> 
     </span>
     <span class='ocr_line' id='line_1_3' title="bbox 436 770 1573 868; baseline -0.006 -19"><span class='ocrx_word' id='word_1_13' title='bbox 436 774 615 849; x_wconf 89' lang='lat' dir='ltr'>diensium</span> <span class='ocrx_word' id='word_1_14' title='bbox 629 775 739 862; x_wconf 86' lang='lat' dir='ltr'>facta,</span> <span class='ocrx_word' id='word_1_15' title='bbox 759 773 900 868; x_wconf 83' lang='lat' dir='ltr'>aliquot</span> <span class='ocrx_word' id='word_1_16' title='bbox 918 772 965 846; x_wconf 86' lang='lat' dir='ltr'>iis</span> <span class='ocrx_word' id='word_1_17' title='bbox 986 772 1134 865; x_wconf 79' lang='lat' dir='ltr'>vexilla,</span> <span class='ocrx_word' id='word_1_18' title='bbox 1153 772 1348 847; x_wconf 87' lang='lat' dir='ltr'>trucidatis</span> <span class='ocrx_word' id='word_1_19' title='bbox 1366 770 1573 860; x_wconf 80' lang='lat' dir='ltr'><strong>nonnullis,</strong></span> 
     </span>
     <span class='ocr_line' id='line_1_4' title="bbox 438 896 1573 998; baseline -0.004 -23"><span class='ocrx_word' id='word_1_20' title='bbox 438 901 664 998; x_wconf 85' lang='lat' dir='ltr'>exprobrata</span> <span class='ocrx_word' id='word_1_21' title='bbox 691 897 766 971; x_wconf 88' lang='lat' dir='ltr'>illis</span> <span class='ocrx_word' id='word_1_22' title='bbox 795 896 949 991; x_wconf 85' lang='lat' dir='ltr'>ignavia</span> <span class='ocrx_word' id='word_1_23' title='bbox 982 897 1204 995; x_wconf 91' lang='lat' dir='ltr'>eripuerunt.</span> <span class='ocrx_word' id='word_1_24' title='bbox 1243 896 1295 970; x_wconf 85' lang='lat' dir='ltr'>At</span> <span class='ocrx_word' id='word_1_25' title='bbox 1327 897 1455 988; x_wconf 84' lang='lat' dir='ltr'><strong>nostri,</strong></span> <span class='ocrx_word' id='word_1_26' title='bbox 1486 919 1573 970; x_wconf 90' lang='lat' dir='ltr'>cum</span> 
     </span>
     <span class='ocr_line' id='line_1_5' title="bbox 437 1021 1573 1115; baseline -0.004 -15"><span class='ocrx_word' id='word_1_27' title='bbox 437 1027 532 1101; x_wconf 89' lang='lat' dir='ltr'>haec</span> <span class='ocrx_word' id='word_1_28' title='bbox 550 1046 623 1098; x_wconf 89' lang='lat' dir='ltr'>non</span> <span class='ocrx_word' id='word_1_29' title='bbox 636 1022 891 1115; x_wconf 77' lang='lat' dir='ltr'>successisset,</span> <span class='ocrx_word' id='word_1_30' title='bbox 911 1046 1010 1096; x_wconf 88' lang='lat' dir='ltr'>nova</span> <span class='ocrx_word' id='word_1_31' title='bbox 1020 1029 1101 1097; x_wconf 90' lang='lat' dir='ltr'>arte</span> <span class='ocrx_word' id='word_1_32' title='bbox 1111 1021 1322 1097; x_wconf 90' lang='lat' dir='ltr'>instandum</span> <span class='ocrx_word' id='word_1_33' title='bbox 1333 1022 1415 1114; x_wconf 90' lang='lat' dir='ltr'>rati,</span> <span class='ocrx_word' id='word_1_34' title='bbox 1434 1029 1573 1096; x_wconf 84' lang='lat' dir='ltr'>coacta</span> 
     </span>
     <span class='ocr_line' id='line_1_6' title="bbox 441 1148 1574 1247; baseline -0.004 -21"><span class='ocrx_word' id='word_1_35' title='bbox 441 1174 577 1247; x_wconf 87' lang='lat' dir='ltr'>magna</span> <span class='ocrx_word' id='word_1_36' title='bbox 596 1149 704 1246; x_wconf 90' lang='lat' dir='ltr'>copia</span> <span class='ocrx_word' id='word_1_37' title='bbox 722 1149 959 1223; x_wconf 88' lang='lat' dir='ltr'>materiarum</span> <span class='ocrx_word' id='word_1_38' title='bbox 987 1148 1114 1223; x_wconf 86' lang='lat' dir='ltr'>fossas</span> <span class='ocrx_word' id='word_1_39' title='bbox 1145 1149 1331 1245; x_wconf 89' lang='lat' dir='ltr'>complere</span> <span class='ocrx_word' id='word_1_40' title='bbox 1357 1157 1574 1243; x_wconf 87' lang='lat' dir='ltr'>coeperunt,</span> 
     </span>
     <span class='ocr_line' id='line_1_7' title="bbox 443 1274 1577 1373; baseline -0.004 -21"><span class='ocrx_word' id='word_1_41' title='bbox 443 1283 545 1352; x_wconf 90' lang='lat' dir='ltr'>tanto</span> <span class='ocrx_word' id='word_1_42' title='bbox 566 1282 711 1371; x_wconf 89' lang='lat' dir='ltr'>conatu,</span> <span class='ocrx_word' id='word_1_43' title='bbox 740 1285 780 1351; x_wconf 92' lang='lat' dir='ltr'>ut</span> <span class='ocrx_word' id='word_1_44' title='bbox 797 1275 909 1350; x_wconf 85' lang='lat' dir='ltr'>factis</span> <span class='ocrx_word' id='word_1_45' title='bbox 930 1275 1133 1370; x_wconf 81' lang='lat' dir='ltr'>aggeribus</span> <span class='ocrx_word' id='word_1_46' title='bbox 1153 1274 1291 1348; x_wconf 91' lang='lat' dir='ltr'>vallum</span> <span class='ocrx_word' id='word_1_47' title='bbox 1319 1275 1417 1349; x_wconf 87' lang='lat' dir='ltr'>arcis</span> <span class='ocrx_word' id='word_1_48' title='bbox 1437 1297 1577 1373; x_wconf 90' lang='lat' dir='ltr'>prope·</span> 
     </span>
     <span class='ocr_line' id='line_1_8' title="bbox 440 1400 1577 1498; baseline -0.001 -22"><span class='ocrx_word' id='word_1_49' title='bbox 440 1401 587 1476; x_wconf 94' lang='lat' dir='ltr'>modum</span> <span class='ocrx_word' id='word_1_50' title='bbox 607 1401 868 1498; x_wconf 85' lang='lat' dir='ltr'>adaequarent,</span> <span class='ocrx_word' id='word_1_51' title='bbox 899 1409 937 1476; x_wconf 94' lang='lat' dir='ltr'>et</span> <span class='ocrx_word' id='word_1_52' title='bbox 955 1400 1040 1476; x_wconf 92' lang='lat' dir='ltr'>inde</span> <span class='ocrx_word' id='word_1_53' title='bbox 1060 1400 1253 1476; x_wconf 89' lang='lat' dir='ltr'>tormentis</span> <span class='ocrx_word' id='word_1_54' title='bbox 1273 1400 1420 1475; x_wconf 83' lang='lat' dir='ltr'>bellicis</span> <span class='ocrx_word' id='word_1_55' title='bbox 1439 1400 1479 1475; x_wconf 94' lang='lat' dir='ltr'>in</span> <span class='ocrx_word' id='word_1_56' title='bbox 1498 1425 1577 1476; x_wconf 91' lang='lat' dir='ltr'>mu-</span> 
     </span>
     <span class='ocr_line' id='line_1_9' title="bbox 439 1524 1575 1616; baseline 0.001 -16"><span class='ocrx_word' id='word_1_57' title='bbox 439 1527 598 1603; x_wconf 89' lang='lat' dir='ltr'>nitiones</span> <span class='ocrx_word' id='word_1_58' title='bbox 616 1526 777 1602; x_wconf 88' lang='lat' dir='ltr'>hostium</span> <span class='ocrx_word' id='word_1_59' title='bbox 804 1528 1025 1602; x_wconf 83' lang='lat' dir='ltr'>intonarent.</span> <span class='ocrx_word' id='word_1_60' title='bbox 1066 1524 1209 1616; x_wconf 83' lang='lat' dir='ltr'>Quibus</span> <span class='ocrx_word' id='word_1_61' title='bbox 1240 1527 1353 1600; x_wconf 88' lang='lat' dir='ltr'>rebus</span> <span class='ocrx_word' id='word_1_62' title='bbox 1383 1549 1466 1600; x_wconf 89' lang='lat' dir='ltr'>cum</span> <span class='ocrx_word' id='word_1_63' title='bbox 1484 1549 1575 1601; x_wconf 90' lang='lat' dir='ltr'>nou-</span> 
     </span>
    </p>
   </div>
   <div class='ocr_carea' id='block_1_3' title="bbox 239 1651 1576 1750">
    <p class='ocr_par' dir='ltr' id='par_1_3' title="bbox 239 1651 1576 1750">
     <span class='ocr_line' id='line_1_10' title="bbox 239 1651 1576 1750; baseline -0.003 -18"><span class='ocrx_word' id='word_1_64' title='bbox 239 1689 241 1696; x_wconf 61' lang='grc'><em>’</em></span> <span class='ocrx_word' id='word_1_65' title='bbox 354 1667 360 1746; x_wconf 47' lang='grc' dir='ltr'><em>ζ</em></span> <span class='ocrx_word' id='word_1_66' title='bbox 440 1652 532 1728; x_wconf 89' lang='lat' dir='ltr'>nihil</span> <span class='ocrx_word' id='word_1_67' title='bbox 560 1653 766 1750; x_wconf 87' lang='lat' dir='ltr'>profectum</span> <span class='ocrx_word' id='word_1_68' title='bbox 804 1653 1004 1746; x_wconf 88' lang='lat' dir='ltr'>videretur,</span> <span class='ocrx_word' id='word_1_69' title='bbox 1045 1651 1265 1725; x_wconf 89' lang='lat' dir='ltr'>munitiones</span> <span class='ocrx_word' id='word_1_70' title='bbox 1304 1651 1468 1726; x_wconf 84' lang='lat' dir='ltr'>assiduis</span> <span class='ocrx_word' id='word_1_71' title='bbox 1498 1653 1576 1728; x_wconf 92' lang='lat' dir='ltr'>die-</span> 
     </span>
    </p>
   </div>
   <div class='ocr_carea' id='block_1_4' title="bbox 348 1778 1589 4775">
    <p class='ocr_par' dir='ltr' id='par_1_4' title="bbox 348 1778 1589 4775">
     <span class='ocr_line' id='line_1_11' title="bbox 442 1778 1578 1876; baseline 0.002 -24"><span class='ocrx_word' id='word_1_72' title='bbox 442 1801 522 1853; x_wconf 90' lang='lat' dir='ltr'>rum</span> <span class='ocrx_word' id='word_1_73' title='bbox 551 1801 595 1852; x_wconf 90' lang='lat' dir='ltr'>ac</span> <span class='ocrx_word' id='word_1_74' title='bbox 622 1779 781 1853; x_wconf 93' lang='lat' dir='ltr'>noctium</span> <span class='ocrx_word' id='word_1_75' title='bbox 816 1778 1123 1853; x_wconf 87' lang='lat' dir='ltr'>eiaculationibus</span> <span class='ocrx_word' id='word_1_76' title='bbox 1161 1799 1234 1851; x_wconf 93' lang='lat' dir='ltr'>non</span> <span class='ocrx_word' id='word_1_77' title='bbox 1270 1801 1411 1876; x_wconf 87' lang='lat' dir='ltr'>paucas</span> <span class='ocrx_word' id='word_1_78' title='bbox 1444 1781 1578 1854; x_wconf 79' lang='lat' dir='ltr'>ruinas</span> 
     </span>
     <span class='ocr_line' id='line_1_12' title="bbox 443 1904 1577 2001; baseline -0.001 -21"><span class='ocrx_word' id='word_1_79' title='bbox 443 1905 696 2001; x_wconf 89' lang='lat' dir='ltr'>accepissent:</span> <span class='ocrx_word' id='word_1_80' title='bbox 726 1904 853 1980; x_wconf 88' lang='lat' dir='ltr'>habito</span> <span class='ocrx_word' id='word_1_81' title='bbox 883 1905 1035 1979; x_wconf 90' lang='lat' dir='ltr'>militari</span> <span class='ocrx_word' id='word_1_82' title='bbox 1054 1904 1208 1979; x_wconf 91' lang='lat' dir='ltr'>consilio</span> <span class='ocrx_word' id='word_1_83' title='bbox 1229 1904 1341 1979; x_wconf 88' lang='lat' dir='ltr'>duces</span> <span class='ocrx_word' id='word_1_84' title='bbox 1366 1905 1451 1981; x_wconf 88' lang='lat' dir='ltr'>XV.</span> <span class='ocrx_word' id='word_1_85' title='bbox 1477 1907 1577 1979; x_wconf 91' lang='lat' dir='ltr'>diem</span> 
     </span>
     <span class='ocr_line' id='line_1_13' title="bbox 443 2029 1580 2127; baseline -0.003 -22"><span class='ocrx_word' id='word_1_86' title='bbox 443 2029 606 2106; x_wconf 90' lang='lat' dir='ltr'>octobris</span> <span class='ocrx_word' id='word_1_87' title='bbox 643 2029 782 2104; x_wconf 86' lang='lat' dir='ltr'>liberos</span> <span class='ocrx_word' id='word_1_88' title='bbox 820 2030 966 2127; x_wconf 87' lang='lat' dir='ltr'>pedites</span> <span class='ocrx_word' id='word_1_89' title='bbox 1005 2030 1171 2127; x_wconf 85' lang='lat' dir='ltr'>aliosque</span> <span class='ocrx_word' id='word_1_90' title='bbox 1208 2031 1405 2106; x_wconf 90' lang='lat' dir='ltr'>nonnullos</span> <span class='ocrx_word' id='word_1_91' title='bbox 1452 2031 1502 2104; x_wconf 86' lang='lat' dir='ltr'>ad</span> <span class='ocrx_word' id='word_1_92' title='bbox 1541 2029 1580 2103; x_wconf 90' lang='lat' dir='ltr'>id</span> 
     </span>
     <span class='ocr_line' id='line_1_14' title="bbox 444 2135 1580 2254; baseline -0.001 -23"><span class='ocrx_word' id='word_1_93' title='bbox 444 2155 610 2232; x_wconf 90' lang='lat' dir='ltr'>delectos</span> <span class='ocrx_word' id='word_1_94' title='bbox 629 2155 678 2230; x_wconf 89' lang='lat' dir='ltr'>ad</span> <span class='ocrx_word' id='word_1_95' title='bbox 696 2177 858 2252; x_wconf 85' lang='lat' dir='ltr'>pugnam</span> <span class='ocrx_word' id='word_1_96' title='bbox 877 2165 1030 2254; x_wconf 89' lang='lat' dir='ltr'>paratos</span> <span class='ocrx_word' id='word_1_97' title='bbox 1056 2179 1141 2233; x_wconf 88' lang='lat' dir='ltr'>esse</span> <span class='ocrx_word' id='word_1_98' title='bbox 1169 2135 1304 2230; x_wconf 79' lang='lat' dir='ltr'>iubent.</span> <span class='ocrx_word' id='word_1_99' title='bbox 1344 2159 1403 2232; x_wconf 82' lang='lat' dir='ltr'>Ita</span> <span class='ocrx_word' id='word_1_100' title='bbox 1430 2156 1580 2254; x_wconf 86' lang='lat' dir='ltr'>paratis</span> 
     </span>
     <span class='ocr_line' id='line_1_15' title="bbox 445 2281 1580 2380; baseline 0.001 -25"><span class='ocrx_word' id='word_1_101' title='bbox 445 2283 563 2358; x_wconf 89' lang='lat' dir='ltr'>nostri</span> <span class='ocrx_word' id='word_1_102' title='bbox 602 2281 789 2380; x_wconf 89' lang='lat' dir='ltr'>omnibus,</span> <span class='ocrx_word' id='word_1_103' title='bbox 838 2306 933 2379; x_wconf 91' lang='lat' dir='ltr'>quae</span> <span class='ocrx_word' id='word_1_104' title='bbox 980 2284 1029 2358; x_wconf 85' lang='lat' dir='ltr'>ad</span> <span class='ocrx_word' id='word_1_105' title='bbox 1073 2282 1312 2379; x_wconf 91' lang='lat' dir='ltr'>irruptionem</span> <span class='ocrx_word' id='word_1_106' title='bbox 1360 2282 1580 2357; x_wconf 83' lang='lat' dir='ltr'>necessaria</span> 
     </span>
     <span class='ocr_line' id='line_1_16' title="bbox 446 2387 1581 2505; baseline 0.001 -24"><span class='ocrx_word' id='word_1_107' title='bbox 446 2387 666 2482; x_wconf 88' lang='lat' dir='ltr'>videbantur</span> <span class='ocrx_word' id='word_1_108' title='bbox 684 2406 714 2499; x_wconf 87' lang='lat'>,&#39;</span> <span class='ocrx_word' id='word_1_109' title='bbox 738 2408 831 2482; x_wconf 88' lang='lat' dir='ltr'>hora</span> <span class='ocrx_word' id='word_1_110' title='bbox 877 2408 1026 2483; x_wconf 88' lang='lat' dir='ltr'>circiter</span> <span class='ocrx_word' id='word_1_111' title='bbox 1072 2408 1183 2483; x_wconf 89' lang='lat' dir='ltr'>tertia</span> <span class='ocrx_word' id='word_1_112' title='bbox 1219 2407 1504 2505; x_wconf 88' lang='lat' dir='ltr'>pomeridiana,</span> <span class='ocrx_word' id='word_1_113' title='bbox 1545 2418 1581 2484; x_wconf 90' lang='lat' dir='ltr'>et</span> 
     </span>
     <span class='ocr_line' id='line_1_17' title="bbox 448 2532 1580 2632; baseline 0.001 -25"><span class='ocrx_word' id='word_1_114' title='bbox 448 2555 519 2630; x_wconf 90' lang='lat' dir='ltr'>quo</span> <span class='ocrx_word' id='word_1_115' title='bbox 538 2532 701 2606; x_wconf 90' lang='lat' dir='ltr'>Barbari</span> <span class='ocrx_word' id='word_1_116' title='bbox 719 2532 981 2632; x_wconf 67' lang='lat' dir='ltr'>imparatiores</span> <span class='ocrx_word' id='word_1_117' title='bbox 1016 2541 1152 2622; x_wconf 88' lang='lat' dir='ltr'>essent,</span> <span class='ocrx_word' id='word_1_118' title='bbox 1182 2541 1361 2628; x_wconf 89' lang='lat' dir='ltr'>vergente</span> <span class='ocrx_word' id='word_1_119' title='bbox 1380 2532 1429 2606; x_wconf 86' lang='lat' dir='ltr'>ad</span> <span class='ocrx_word' id='word_1_120' title='bbox 1447 2555 1580 2631; x_wconf 86' lang='lat' dir='ltr'>vespe·</span> 
     </span>
     <span class='ocr_line' id='line_1_18' title="bbox 450 2657 1582 2757; baseline -0.002 -23"><span class='ocrx_word' id='word_1_121' title='bbox 450 2681 530 2734; x_wconf 88' lang='lat' dir='ltr'>ram</span> <span class='ocrx_word' id='word_1_122' title='bbox 549 2657 620 2750; x_wconf 94' lang='lat' dir='ltr'>die,</span> <span class='ocrx_word' id='word_1_123' title='bbox 641 2659 726 2733; x_wconf 88' lang='lat' dir='ltr'>dato</span> <span class='ocrx_word' id='word_1_124' title='bbox 747 2661 867 2754; x_wconf 89' lang='lat' dir='ltr'>signo,</span> <span class='ocrx_word' id='word_1_125' title='bbox 895 2661 1054 2757; x_wconf 91' lang='lat' dir='ltr'>undique</span> <span class='ocrx_word' id='word_1_126' title='bbox 1074 2661 1112 2734; x_wconf 95' lang='lat' dir='ltr'>in</span> <span class='ocrx_word' id='word_1_127' title='bbox 1139 2660 1360 2734; x_wconf 89' lang='lat' dir='ltr'>munitiones</span> <span class='ocrx_word' id='word_1_128' title='bbox 1390 2660 1582 2749; x_wconf 85' lang='lat' dir='ltr'>advolant,</span> 
     </span>
     <span class='ocr_line' id='line_1_19' title="bbox 348 2771 1579 2888; baseline 0.001 -29"><span class='ocrx_word' id='word_1_129' title='bbox 348 2875 350 2888; x_wconf 36' lang='grc' dir='ltr'>Ι</span> <span class='ocrx_word' id='word_1_130' title='bbox 452 2792 488 2859; x_wconf 91' lang='lat' dir='ltr'>et</span> <span class='ocrx_word' id='word_1_131' title='bbox 505 2785 648 2881; x_wconf 82' lang='lat' dir='ltr'>ingenti</span> <span class='ocrx_word' id='word_1_132' title='bbox 667 2808 747 2859; x_wconf 93' lang='lat' dir='ltr'>cum</span> <span class='ocrx_word' id='word_1_133' title='bbox 767 2789 928 2863; x_wconf 88' lang='lat' dir='ltr'>clamore</span> <span class='ocrx_word' id='word_1_134' title='bbox 948 2771 1152 2885; x_wconf 84' lang='lat' dir='ltr'>irrumpere</span> <span class='ocrx_word' id='word_1_135' title='bbox 1181 2794 1369 2862; x_wconf 88' lang='lat' dir='ltr'>conantur.</span> <span class='ocrx_word' id='word_1_136' title='bbox 1403 2784 1480 2862; x_wconf 88' lang='lat' dir='ltr'>Sed</span> <span class='ocrx_word' id='word_1_137' title='bbox 1498 2809 1579 2861; x_wconf 90' lang='lat' dir='ltr'>cum</span> 
     </span>
     <span class='ocr_line' id='line_1_20' title="bbox 451 2911 1580 3010; baseline -0.002 -24"><span class='ocrx_word' id='word_1_138' title='bbox 451 2911 586 2986; x_wconf 86' lang='lat' dir='ltr'>&#39;Purcis</span> <span class='ocrx_word' id='word_1_139' title='bbox 624 2912 803 2986; x_wconf 88' lang='lat' dir='ltr'>acerrime</span> <span class='ocrx_word' id='word_1_140' title='bbox 839 2913 1112 3004; x_wconf 84' lang='lat' dir='ltr'>resistentibus,</span> <span class='ocrx_word' id='word_1_141' title='bbox 1142 2913 1296 2988; x_wconf 88' lang='lat' dir='ltr'>ducibus</span> <span class='ocrx_word' id='word_1_142' title='bbox 1324 2920 1449 2989; x_wconf 87' lang='lat' dir='ltr'>autem</span> <span class='ocrx_word' id='word_1_143' title='bbox 1487 2911 1580 3010; x_wconf 88' lang='lat' dir='ltr'>ipsis</span> 
     </span>
     <span class='ocr_line' id='line_1_21' title="bbox 450 3039 1581 3137; baseline -0.001 -26"><span class='ocrx_word' id='word_1_144' title='bbox 450 3045 659 3114; x_wconf 90' lang='lat' dir='ltr'>nostrorum</span> <span class='ocrx_word' id='word_1_145' title='bbox 677 3039 865 3137; x_wconf 88' lang='lat' dir='ltr'>plerisque</span> <span class='ocrx_word' id='word_1_146' title='bbox 886 3047 1128 3116; x_wconf 85' lang='lat' dir='ltr'>rocetantum</span> <span class='ocrx_word' id='word_1_147' title='bbox 1145 3040 1297 3130; x_wconf 93' lang='lat' dir='ltr'>eminus,</span> <span class='ocrx_word' id='word_1_148' title='bbox 1316 3060 1390 3112; x_wconf 95' lang='lat' dir='ltr'>non</span> <span class='ocrx_word' id='word_1_149' title='bbox 1409 3039 1581 3137; x_wconf 85' lang='lat' dir='ltr'>exemplo</span> 
     </span>
     <span class='ocr_line' id='line_1_22' title="bbox 449 3163 1577 3262; baseline -0.002 -23"><span class='ocrx_word' id='word_1_150' title='bbox 449 3164 612 3240; x_wconf 88' lang='lat' dir='ltr'>cominus</span> <span class='ocrx_word' id='word_1_151' title='bbox 631 3186 709 3238; x_wconf 92' lang='lat' dir='ltr'>rem</span> <span class='ocrx_word' id='word_1_152' title='bbox 729 3164 957 3260; x_wconf 88' lang='lat' dir='ltr'>gerentibus,</span> <span class='ocrx_word' id='word_1_153' title='bbox 986 3187 1059 3239; x_wconf 93' lang='lat' dir='ltr'>non</span> <span class='ocrx_word' id='word_1_154' title='bbox 1082 3164 1191 3262; x_wconf 90' lang='lat' dir='ltr'>pauci</span> <span class='ocrx_word' id='word_1_155' title='bbox 1211 3187 1257 3239; x_wconf 82' lang='lat' dir='ltr'>ex</span> <span class='ocrx_word' id='word_1_156' title='bbox 1280 3164 1444 3261; x_wconf 84' lang='lat' dir='ltr'>Vngaris</span> <span class='ocrx_word' id='word_1_157' title='bbox 1465 3163 1577 3254; x_wconf 85' lang='lat' dir='ltr'>caesi,</span> 
     </span>
     <span class='ocr_line' id='line_1_23' title="bbox 451 3289 1582 3388; baseline -0.002 -24"><span class='ocrx_word' id='word_1_158' title='bbox 451 3289 708 3385; x_wconf 85' lang='lat' dir='ltr'>vulneratique</span> <span class='ocrx_word' id='word_1_159' title='bbox 729 3291 945 3388; x_wconf 90' lang='lat' dir='ltr'>complures</span> <span class='ocrx_word' id='word_1_160' title='bbox 965 3292 1133 3381; x_wconf 86' lang='lat' dir='ltr'>fuissent,</span> <span class='ocrx_word' id='word_1_161' title='bbox 1161 3291 1297 3364; x_wconf 88' lang='lat' dir='ltr'>milites</span> <span class='ocrx_word' id='word_1_162' title='bbox 1326 3311 1367 3363; x_wconf 90' lang='lat' dir='ltr'>re</span> <span class='ocrx_word' id='word_1_163' title='bbox 1385 3290 1527 3365; x_wconf 83' lang='lat' dir='ltr'>inlecta</span> <span class='ocrx_word' id='word_1_164' title='bbox 1544 3289 1582 3362; x_wconf 96' lang='lat' dir='ltr'>in</span> 
     </span>
     <span class='ocr_line' id='line_1_24' title="bbox 454 3414 1580 3513; baseline 0 -25"><span class='ocrx_word' id='word_1_165' title='bbox 454 3421 578 3489; x_wconf 86' lang='lat' dir='ltr'>castra</span> <span class='ocrx_word' id='word_1_166' title='bbox 605 3414 761 3490; x_wconf 90' lang='lat' dir='ltr'>rediere.</span> <span class='ocrx_word' id='word_1_167' title='bbox 781 3416 943 3492; x_wconf 87' lang='lat' dir='ltr'>Emicuit</span> <span class='ocrx_word' id='word_1_168' title='bbox 959 3417 997 3491; x_wconf 93' lang='lat' dir='ltr'>in</span> <span class='ocrx_word' id='word_1_169' title='bbox 1023 3440 1067 3492; x_wconf 93' lang='lat' dir='ltr'>eo</span> <span class='ocrx_word' id='word_1_170' title='bbox 1086 3416 1230 3513; x_wconf 88' lang='lat' dir='ltr'>praelio</span> <span class='ocrx_word' id='word_1_171' title='bbox 1250 3415 1368 3490; x_wconf 89' lang='lat' dir='ltr'>virtus</span> <span class='ocrx_word' id='word_1_172' title='bbox 1380 3415 1580 3490; x_wconf 92' lang='lat' dir='ltr'>liberorum</span> 
     </span>
     <span class='ocr_line' id='line_1_25' title="bbox 454 3537 1579 3640; baseline 0.003 -26"><span class='ocrx_word' id='word_1_173' title='bbox 454 3539 629 3638; x_wconf 88' lang='lat' dir='ltr'>peditum,</span> <span class='ocrx_word' id='word_1_174' title='bbox 650 3540 711 3637; x_wconf 89' lang='lat' dir='ltr'>qui</span> <span class='ocrx_word' id='word_1_175' title='bbox 736 3564 816 3616; x_wconf 94' lang='lat' dir='ltr'>cum</span> <span class='ocrx_word' id='word_1_176' title='bbox 837 3543 874 3615; x_wconf 88' lang='lat' dir='ltr'>vi</span> <span class='ocrx_word' id='word_1_177' title='bbox 891 3542 1055 3638; x_wconf 85' lang='lat' dir='ltr'>praedae</span> <span class='ocrx_word' id='word_1_178' title='bbox 1076 3542 1197 3617; x_wconf 90' lang='lat' dir='ltr'>studio</span> <span class='ocrx_word' id='word_1_179' title='bbox 1217 3564 1341 3616; x_wconf 90' lang='lat' dir='ltr'>arcem</span> <span class='ocrx_word' id='word_1_180' title='bbox 1368 3537 1453 3639; x_wconf 83' lang='lat' dir='ltr'>c&#39;api</span> <span class='ocrx_word' id='word_1_181' title='bbox 1474 3563 1579 3640; x_wconf 84' lang='lat' dir='ltr'>eupe-</span> 
     </span>
     <span class='ocr_line' id='line_1_26' title="bbox 457 3668 1582 3769; baseline -0.003 -26"><span class='ocrx_word' id='word_1_182' title='bbox 457 3675 549 3760; x_wconf 90' lang='lat' dir='ltr'>rent,</span> <span class='ocrx_word' id='word_1_183' title='bbox 561 3668 712 3743; x_wconf 90' lang='lat' dir='ltr'>summis</span> <span class='ocrx_word' id='word_1_184' title='bbox 723 3669 863 3745; x_wconf 88' lang='lat' dir='ltr'>viribus</span> <span class='ocrx_word' id='word_1_185' title='bbox 876 3694 1055 3769; x_wconf 87' lang='lat' dir='ltr'>superare</span> <span class='ocrx_word' id='word_1_186' title='bbox 1066 3670 1415 3746; x_wconf 89' lang='lat' dir='ltr'>munitionesconati</span> <span class='ocrx_word' id='word_1_187' title='bbox 1425 3670 1582 3744; x_wconf 84' lang='lat' dir='ltr'>fuerant</span> 
     </span>
     <span class='ocr_line' id='line_1_27' title="bbox 460 3795 1584 3893; baseline -0.003 -23"><span class='ocrx_word' id='word_1_188' title='bbox 460 3795 618 3870; x_wconf 88' lang='lat' dir='ltr'>Miserat</span> <span class='ocrx_word' id='word_1_189' title='bbox 646 3817 688 3870; x_wconf 92' lang='lat' dir='ltr'>eo</span> <span class='ocrx_word' id='word_1_190' title='bbox 718 3796 932 3892; x_wconf 88' lang='lat' dir='ltr'>praeteritis</span> <span class='ocrx_word' id='word_1_191' title='bbox 962 3797 1092 3872; x_wconf 93' lang='lat' dir='ltr'>diebus</span> <span class='ocrx_word' id='word_1_192' title='bbox 1113 3795 1303 3893; x_wconf 86' lang='lat' dir='ltr'>Georgius</span> <span class='ocrx_word' id='word_1_193' title='bbox 1322 3795 1491 3893; x_wconf 79' lang='lat' dir='ltr'>Borbely</span> <span class='ocrx_word' id='word_1_194' title='bbox 1514 3795 1584 3869; x_wconf 92' lang='lat' dir='ltr'>dno</span> 
     </span>
     <span class='ocr_line' id='line_1_28' title="bbox 461 3918 1588 4017; baseline -0.002 -22"><span class='ocrx_word' id='word_1_195' title='bbox 461 3918 604 3995; x_wconf 89' lang='lat' dir='ltr'>maiora</span> <span class='ocrx_word' id='word_1_196' title='bbox 623 3927 817 4012; x_wconf 89' lang='lat' dir='ltr'>tormenta,</span> <span class='ocrx_word' id='word_1_197' title='bbox 847 3920 967 4017; x_wconf 88' lang='lat' dir='ltr'>iisque</span> <span class='ocrx_word' id='word_1_198' title='bbox 986 3921 1210 3997; x_wconf 87' lang='lat' dir='ltr'>deducendis</span> <span class='ocrx_word' id='word_1_199' title='bbox 1231 3920 1381 3997; x_wconf 91' lang='lat' dir='ltr'>Petrum</span> <span class='ocrx_word' id='word_1_200' title='bbox 1401 3921 1588 3996; x_wconf 73' lang='lat' dir='ltr'>Barraba-</span> 
     </span>
     <span class='ocr_line' id='line_1_29' title="bbox 459 4045 1586 4146; baseline 0 -28"><span class='ocrx_word' id='word_1_201' title='bbox 459 4045 552 4119; x_wconf 91' lang='lat' dir='ltr'>sium</span> <span class='ocrx_word' id='word_1_202' title='bbox 573 4068 652 4119; x_wconf 92' lang='lat' dir='ltr'>cum</span> <span class='ocrx_word' id='word_1_203' title='bbox 670 4046 790 4122; x_wconf 91' lang='lat' dir='ltr'>tribus</span> <span class='ocrx_word' id='word_1_204' title='bbox 810 4047 1114 4123; x_wconf 86' lang='lat' dir='ltr'>vexillationibus</span> <span class='ocrx_word' id='word_1_205' title='bbox 1124 4048 1368 4146; x_wconf 85' lang='lat' dir='ltr'>praefecerat.</span> <span class='ocrx_word' id='word_1_206' title='bbox 1390 4049 1430 4124; x_wconf 89' lang='lat' dir='ltr'>Is</span> <span class='ocrx_word' id='word_1_207' title='bbox 1442 4070 1524 4122; x_wconf 90' lang='lat' dir='ltr'>cum</span> <span class='ocrx_word' id='word_1_208' title='bbox 1542 4067 1586 4120; x_wconf 91' lang='lat' dir='ltr'>eo</span> 
     </span>
     <span class='ocr_line' id='line_1_30' title="bbox 460 4159 1581 4270; baseline -0.001 -24"><span class='ocrx_word' id='word_1_209' title='bbox 460 4172 704 4267; x_wconf 86' lang='lat' dir='ltr'>pervenisset,</span> <span class='ocrx_word' id='word_1_210' title='bbox 722 4180 977 4270; x_wconf 88' lang='lat' dir='ltr'>tormentaque</span> <span class='ocrx_word' id='word_1_211' title='bbox 995 4173 1034 4248; x_wconf 94' lang='lat' dir='ltr'>in</span> <span class='ocrx_word' id='word_1_212' title='bbox 1053 4159 1257 4270; x_wconf 82' lang='lat' dir='ltr'>aggeribus</span> <span class='ocrx_word' id='word_1_213' title='bbox 1267 4173 1337 4247; x_wconf 91' lang='lat' dir='ltr'>rite</span> <span class='ocrx_word' id='word_1_214' title='bbox 1348 4171 1581 4261; x_wconf 84' lang='lat' dir='ltr'>collocasset,</span> 
     </span>
     <span class='ocr_line' id='line_1_31' title="bbox 460 4295 1584 4395; baseline 0.001 -26"><span class='ocrx_word' id='word_1_215' title='bbox 460 4295 630 4392; x_wconf 85' lang='lat' dir='ltr'>proxima</span> <span class='ocrx_word' id='word_1_216' title='bbox 658 4305 775 4390; x_wconf 85' lang='lat' dir='ltr'>nocte,</span> <span class='ocrx_word' id='word_1_217' title='bbox 796 4322 842 4374; x_wconf 93' lang='lat' dir='ltr'>ne</span> <span class='ocrx_word' id='word_1_218' title='bbox 862 4299 1032 4375; x_wconf 85' lang='lat' dir='ltr'>discessu</span> <span class='ocrx_word' id='word_1_219' title='bbox 1052 4323 1177 4374; x_wconf 92' lang='lat' dir='ltr'>eorum</span> <span class='ocrx_word' id='word_1_220' title='bbox 1199 4307 1324 4374; x_wconf 88' lang='lat' dir='ltr'>castra</span> <span class='ocrx_word' id='word_1_221' title='bbox 1339 4299 1451 4373; x_wconf 92' lang='lat' dir='ltr'>minui</span> <span class='ocrx_word' id='word_1_222' title='bbox 1471 4321 1584 4395; x_wconf 86' lang='lat' dir='ltr'>appa-</span> 
     </span>
     <span class='ocr_line' id='line_1_32' title="bbox 463 4421 1586 4523; baseline 0.002 -28"><span class='ocrx_word' id='word_1_223' title='bbox 463 4427 599 4514; x_wconf 88' lang='lat' dir='ltr'>rerent,</span> <span class='ocrx_word' id='word_1_224' title='bbox 631 4444 711 4498; x_wconf 90' lang='lat' dir='ltr'>cum</span> <span class='ocrx_word' id='word_1_225' title='bbox 732 4425 809 4499; x_wconf 92' lang='lat' dir='ltr'>suis</span> <span class='ocrx_word' id='word_1_226' title='bbox 829 4427 997 4500; x_wconf 80' lang='lat' dir='ltr'>omnibus</span> <span class='ocrx_word' id='word_1_227' title='bbox 1016 4425 1175 4523; x_wconf 91' lang='lat' dir='ltr'>Lippam</span> <span class='ocrx_word' id='word_1_228' title='bbox 1194 4425 1367 4501; x_wconf 87' lang='lat' dir='ltr'>redierat</span> <span class='ocrx_word' id='word_1_229' title='bbox 1397 4423 1449 4498; x_wconf 92' lang='lat' dir='ltr'>At</span> <span class='ocrx_word' id='word_1_230' title='bbox 1469 4421 1586 4499; x_wconf 84' lang='lat' dir='ltr'>Geor-</span> 
     </span>
     <span class='ocr_line' id='line_1_33' title="bbox 464 4544 1586 4649; baseline 0.003 -30"><span class='ocrx_word' id='word_1_231' title='bbox 464 4544 547 4640; x_wconf 86' lang='lat' dir='ltr'>gius</span> <span class='ocrx_word' id='word_1_232' title='bbox 567 4548 717 4643; x_wconf 77' lang='lat' dir='ltr'>veritus,</span> <span class='ocrx_word' id='word_1_233' title='bbox 738 4573 784 4625; x_wconf 93' lang='lat' dir='ltr'>ne</span> <span class='ocrx_word' id='word_1_234' title='bbox 803 4550 955 4646; x_wconf 83' lang='lat' dir='ltr'>ignavia</span> <span class='ocrx_word' id='word_1_235' title='bbox 975 4551 1234 4649; x_wconf 78' lang='lat' dir='ltr'>imperitisque</span> <span class='ocrx_word' id='word_1_236' title='bbox 1253 4551 1349 4625; x_wconf 90' lang='lat' dir='ltr'>male</span> <span class='ocrx_word' id='word_1_237' title='bbox 1377 4571 1440 4624; x_wconf 89' lang='lat' dir='ltr'>res</span> <span class='ocrx_word' id='word_1_238' title='bbox 1467 4549 1507 4622; x_wconf 89' lang='lat' dir='ltr'>in</span> <span class='ocrx_word' id='word_1_239' title='bbox 1525 4570 1586 4645; x_wconf 92' lang='lat' dir='ltr'>op-</span> 
     </span>
     <span class='ocr_line' id='line_1_34' title="bbox 464 4673 1589 4775; baseline 0 -28"><span class='ocrx_word' id='word_1_240' title='bbox 464 4673 688 4769; x_wconf 79' lang='lat' dir='ltr'>pugnatione</span> <span class='ocrx_word' id='word_1_241' title='bbox 717 4683 921 4770; x_wconf 86' lang='lat' dir='ltr'>gereretur,</span> <span class='ocrx_word' id='word_1_242' title='bbox 949 4677 1129 4775; x_wconf 88' lang='lat' dir='ltr'>postridie</span> <span class='ocrx_word' id='word_1_243' title='bbox 1159 4677 1238 4752; x_wconf 93' lang='lat' dir='ltr'>eius</span> <span class='ocrx_word' id='word_1_244' title='bbox 1259 4676 1341 4770; x_wconf 92' lang='lat' dir='ltr'>diei,</span> <span class='ocrx_word' id='word_1_245' title='bbox 1370 4698 1442 4771; x_wconf 88' lang='lat' dir='ltr'>quo</span> <span class='ocrx_word' id='word_1_246' title='bbox 1471 4673 1589 4750; x_wconf 86' lang='lat' dir='ltr'>infeli·</span> 
     </span>
    </p>
   </div>
   <div class='ocr_carea' id='block_1_5' title="bbox 0 0 1851 5534">
    <p class='ocr_par' dir='ltr' id='par_1_5' title="bbox 0 0 1851 5534">
     <span class='ocr_line' id='line_1_35' title="bbox 0 0 1851 5534; baseline 0 0"><span class='ocrx_word' id='word_1_247' title='bbox 0 0 1851 5534; x_wconf 95' lang='lat' dir='ltr'> </span> 
     </span>
    </p>
   </div>
  </div>
 </body>
</html>
