3625 5534
437 348 462 424 8
833 367 883 417 10.
904 367 1007 416 nucu
1025 365 1176 418 eunoun

431 569 493 622 res
512 545 585 620 iam
604 523 737 642 uoepta
756 541 1003 637 contingeret,
1023 541 1121 639 quod
1140 565 1248 618 omen
1266 540 1373 615 Deus
1393 537 1570 615 Clemen-

433 671 596 746 tissimus
616 693 684 744 sua
701 668 869 767 potentia
887 667 1018 766 prooul
1038 691 1061 742 a
1079 665 1188 743 nobis
1205 673 1435 754 averruncet,
1456 672 1572 741 reeta

432 805 555 874 umen
582 794 742 895 piissimi
772 793 937 885 oonsilii,
974 802 1086 892 atque
1113 793 1296 893 propositi
1323 791 1570 884 comedentis,

432 929 610 1020 tantaque
630 921 759 1012 virtus,
779 921 864 1019 ipsa
878 921 990 998 etiam
1009 920 1200 997 siuefelioi
1219 941 1397 996 suooessu
1414 917 1571 994 abunde

434 1071 606 1145 magnum
625 1048 683 1123 sui
693 1048 894 1146 praemium
916 1048 1023 1124 Tuae
1034 1045 1234 1124 Serenitati
1251 1049 1359 1124 foret.
1381 1045 1475 1137 Quis
1494 1044 1571 1142 igi·

434 1185 493 1252 tur
512 1175 606 1249 haee
625 1197 698 1248 uon
716 1171 897 1249 miretur?
926 1174 1010 1271 quis
1039 1195 1113 1250 non
1141 1169 1348 1274 suspiciat?
1376 1170 1459 1270 quis
1487 1194 1571 1248 non

436 1300 703 1398 obstupescat?
721 1322 849 1375 uerum
869 1299 1056 1375 enimuero
1080 1300 1264 1399 prinoipia
1290 1308 1376 1375 sunt
1392 1300 1488 1374 haee
1505 1298 1569 1372 rei

436 1427 616 1503 duntaxat
641 1424 799 1501 lelioiter
827 1423 1031 1522 gerendae,
1068 1425 1174 1502 initia
1202 1434 1377 1502 aeternae
1406 1423 1569 1521 gloriae,

437 1552 571 1628 divinis
600 1552 797 1627 virtutibus
825 1550 1086 1648 acquirendae.
1124 1549 1231 1626 Haeo
1258 1552 1332 1627 iam
1361 1548 1570 1626 Serenitati

437 1676 699 1774 Tuaereliqua
715 1697 805 1775 pars
825 1683 902 1750 est:
922 1675 984 1750 hio
992 1683 1112 1752 restat
1130 1684 1255 1753 a'otus:
1274 1677 1314 1752 in
1331 1677 1404 1770 hoo
1422 1699 1571 1752 summa
1690 1687 1702 1712 ⁴

437 1826 508 1903 ope
527 1801 793 1877 elaborandum
811 1808 888 1894 est,
917 1809 959 1876 ut
977 1802 1074 1899 quod
1093 1802 1131 1876 in
1151 1802 1232 1877 dies
1255 1800 1495 1878 laudabiliter
1511 1802 1569 1875 ta-

438 1929 504 2020 oit,
535 1926 656 2004 oivilis
675 1928 784 2003 huius
804 1927 969 2019 dissidii,
1001 1928 1339 2027 Tragoediaequae
1356 1926 1569 2003 inoendium

337 2096 340 2102 =
438 2054 559 2130 salute
577 2052 723 2152 patriae
741 2052 970 2150 restinguat,
985 2042 1355 2152 'Rempublioamque
1378 2062 1454 2129 tam
1471 2053 1570 2128 foris

438 2180 661 2276 vigilantia,.
693 2178 962 2277 diligentiaque
989 2179 1251 2257 fidissimorum
1279 2180 1410 2256 dueum
1437 2187 1571 2255 eontra

439 2315 613 2384 externos
632 2307 762 2382 hostes
790 2314 956 2400 tueatur,
976 2329 1086 2404 quam
1102 2305 1200 2380 domi
1219 2306 1387 2382 honestis
1406 2305 1569 2403 legibus,

439 2455 483 2508 ao
501 2432 676 2508 libertate
694 2431 995 2508 florentissimam
1014 2433 1170 2526 efficiat,
1196 2440 1427 2531 paternaque
1444 2432 1569 2508 mode·

439 2555 601 2650 ratione,
631 2579 677 2632 ao
696 2557 891 2632 elementia
917 2556 1076 2634 vinoulis
1095 2557 1343 2635 adamantinis
1372 2557 1570 2634 devinciat.

442 2679 517 2758 Sed
536 2704 582 2756 ne
602 2678 681 2755 Soli
700 2679 820 2758 luoem
839 2682 978 2757 inferre
1002 2682 1131 2760 videar
1150 2711 1159 2756 z
1180 2682 1349 2780 quamvis
1375 2681 1492 2758 multa
1509 2707 1570 2760 me

442 2809 630 2884 deterrere
657 2807 885 2906 potuissent,
923 2831 970 2885 ne
997 2811 1086 2903 hue,
1115 2808 1289 2908 quioquid
1318 2814 1397 2899 est,
1425 2809 1571 2885 laboris

442 2938 549 3012 'luae
578 2933 779 3013 Serenitati
817 2939 1025 3013 offerrem:
1064 2936 1268 3035 singularis
1305 2945 1428 3013 tamen
1462 2936 1572 3012 Tuae

383 3093 385 3099 2
442 3059 663 3138 Serenitatis
693 3057 986 3156 clementia‚.et
1004 3083 1086 3138 oum
1104 3063 1263 3140 omnium
1286 3062 1325 3138 in
1351 3062 1471 3137 bonas
1487 3062 1570 3138 lite·

441 3209 505 3264 ras
523 3187 650 3278 favor,
679 3193 754 3264 tum
773 3188 812 3264 in
830 3212 887 3263 me
915 3188 1089 3287 privatim
1117 3189 1331 3286 benignitas
1360 3171 1501 3280 eneoitg
1528 3195 1572 3264 ut

441 3313 597 3412 primum
616 3311 773 3388 omnium
792 3312 899 3389 Tuae
920 3312 1120 3390 Serenitati
1138 3315 1209 3391 has
1227 3336 1331 3389 meas
1345 3313 1570 3390 lucubratio·

441 3459 508 3513 nes
536 3438 717 3512 offerrem.
746 3438 910 3515 Primum
936 3447 977 3514 ut
1009 3439 1181 3536 quoniam
1211 3438 1417 3541 Syntagma
1443 3438 1570 3535 legum

442 3562 733 3650 Caesarearum,
762 3588 807 3640 ao
826 3565 1119 3662 Vugarioarum‚
1146 3565 1248 3642 fellei
1268 3563 1428 3662 quodam
1447 3565 1569 3640 omine

442 3686 709 3764 oouiunotionis
728 3689 873 3766 Daoiae
892 3690 1006 3765 totius
1019 3713 1102 3766 oum
1115 3691 1277 3790 Imperio
1294 3688 1476 3782 Romano,
1493 3712 1569 3766 ma·

442 3814 552 3889 rimis
572 3821 671 3888 uerte
691 3814 784 3889 meis
803 3815 997 3891 laboribus
1016 3818 1281 3908 eluoubratum,
1301 3816 1409 3890 Tuae
1421 3813 1567 3892 Sereni·

442 3939 531 4015 tatis
549 3938 686 4015 nomini
705 3961 1023 4033 uonseoraveram,
1043 3942 1163 4017 eidem
1179 3941 1292 4018 etiam
1309 3941 1408 4017 hano
1424 3947 1570 4039 postre-

443 4087 539 4140 mam
567 4087 731 4142 meorum
762 4063 1117 4144 Commentariorum
1144 4068 1355 4160 Decedam,
1392 4065 1447 4141 uti
1482 4073 1570 4142 tuno

442 4189 704 4288 promiseram,
730 4191 994 4288 inscriberem3
1023 4193 1156 4270 deinde
1173 4202 1214 4272 ut
1231 4193 1341 4269 iidem
1364 4215 1484 4268 meam
1503 4216 1570 4268 ex·

443 4315 654 4408 soluerem,
694 4327 731 4392 et
759 4318 923 4416 aliquam
951 4317 1145 4397 Historiae
1172 4317 1387 4414 Vngarioae
1413 4325 1569 4417 partem,

442 4441 578 4539 purtim
597 4465 644 4517 ex
664 4443 884 4537 fragmentis
904 4446 1094 4522 omusdam
1115 4446 1313 4543 digestam,
1331 4444 1467 4542 partim
1484 4466 1573 4543 pro-p

444 4565 525 4668 prio
545 4588 626 4643 meo
645 4576 761 4644 marte
781 4568 1031 4661 elaboratam,
1062 4570 1289 4660 exhibendo,
1308 4569 1471 4668 aliquem
1489 4567 1568 4646 Au·
