3625 5534
489 529 639 596 XXXVI
872 542 973 592 oncsr
988 523 1093 594 riuos
1114 527 1224 592 ninere

853 1232 1251 1346 russonum

972 1477 1130 1487 ———

1040 1677 1069 1749 I.

621 1867 862 1934 PRAEFATIO
878 1871 938 1935 AD
963 1869 1194 1936 LECTOREM
1215 1869 1485 1940 ADAGIORUM.

1010 2068 1104 2132 1588.

779 2284 959 2361 Benevola
989 2285 1133 2358 Lectori
1150 2281 1188 2360 S.
1218 2283 1258 2357 P.
1282 2283 1330 2358 D.

605 2497 646 2576 Si
683 2501 765 2598 quis
802 2505 870 2591 est,
899 2499 1054 2574 candide
1091 2500 1238 2590 Lector,
1267 2501 1331 2598 qui
1359 2502 1521 2592 miretur,
1558 2527 1620 2580 me

492 2628 589 2702 huno
625 2626 791 2704 laborem
827 2625 1113 2702 Proverbiorum
1150 2627 1279 2702 nativa
1317 2628 1445 2724 lingna
1481 2627 1621 2706 donan-

492 2753 620 2829 dorum
639 2753 871 2852 suscepisse:
893 2751 988 2828 sciat
1010 2752 1045 2827 is
1072 2752 1192 2844 velim,
1221 2762 1279 2828 ine
1305 2778 1376 2830 nec
1389 2755 1619 2832 abnndantia

490 2877 565 2970 otii,
584 2901 656 2976 quo
674 2879 733 2954 vel
743 2879 901 2954 maxime
911 2878 1074 2974 indigeo,
1096 2901 1163 2954 neo
1174 2877 1511 2982 πολυπραγμοσύνῃ
1522 2905 1619 2979 qua·

490 3006 586 3098 dam,
605 3005 751 3102 aliaque
769 3004 846 3080 ulla
863 3004 910 3080 de
928 3028 1042 3080 cansa
1060 3005 1128 3081 has
1143 3015 1269 3104 partes
1288 3006 1376 3080 mihi
1394 3007 1612 3106 sumpsisse,

489 3133 562 3208 nisi
580 3139 618 3206 et
635 3152 703 3230 pro
722 3155 805 3207 mea
822 3139 929 3232 parte
948 3131 1046 3206 virili
1065 3131 1213 3231 publico
1231 3133 1327 3209 bono
1346 3133 1401 3208 rei
1420 3127 1614 3212 literariae

490 3258 728 3334 consulerem.
748 3259 873 3334 Tanta
893 3266 953 3335 est
975 3257 1071 3333 enim
1097 3259 1205 3334 huius
1232 3260 1351 3358 partis
1379 3259 1617 3356 Philologiae

491 3384 693 3483 antiquitas
711 3393 749 3460 et
776 3384 949 3481 dignitas,
978 3393 1082 3461 tanta
1112 3386 1222 3462 etiam
1249 3386 1401 3475 utilitas,
1430 3395 1542 3484 atque
1560 3386 1616 3462 in·

413 3531 418 3542 “
490 3510 668 3606 cauditus,
688 3519 730 3588 ut
747 3511 780 3586 si
799 3512 882 3610 quis
911 3534 976 3587 eas
993 3512 1191 3612 σαφέςερον
1209 3535 1254 3589 ac
1280 3513 1473 3612 operosius
1500 3512 1617 3590 vellet

488 3661 705 3716 recensere:
726 3659 797 3714 nae
815 3639 849 3715 is
869 3637 1021 3713 laterem
1040 3639 1180 3731 lavare,
1200 3647 1264 3714 aut
1277 3648 1397 3716 actum
1416 3663 1541 3737 agere,
1560 3639 1612 3714 in·

490 3763 666 3841 dicandus
685 3763 882 3840 videretur.

596 3891 647 3966 Et
664 3890 808 3987 quidem
829 3889 1029 3988 antiquitas
1054 3890 1113 3965 vel
1142 3912 1252 3966 exeo
1281 3897 1395 3987 patet,
1423 3890 1520 3988 quod
1538 3889 1612 3968 Pa-

487 4015 657 4106 roemiae,
685 4024 781 4092 teste
801 4015 1004 4094 Aristotele
1028 4013 1124 4114 apud
1152 4013 1359 4115 Synesium,
1390 4014 1480 4090 nihil
1509 4017 1612 4093 alind
1732 4060 1733 4067 κ

492 4164 578 4217 esse
597 4140 799 4236 videantur,
819 4165 928 4240 quam
947 4141 1125 4239 reliquiae
1145 4165 1189 4217 ac
1209 4141 1361 4238 igniculi
1380 4142 1612 4242 quidampri·

487 4289 574 4344 scae
602 4268 701 4345 illins
727 4269 991 4369 Philosophiae
1009 4276 1120 4365 atque
1139 4267 1360 4366 sapientiae,
1388 4291 1483 4367 quae
1509 4271 1611 4368 apud

488 4402 634 4471 veteres
653 4394 763 4492 longe
783 4420 890 4495 quam
911 4395 1009 4495 apud
1027 4403 1198 4491 posteros
1215 4393 1460 4493 incorruptius
1478 4395 1607 4492 viguit.

486 4517 596 4618 Apud
613 4523 827 4620 prophanos
846 4529 946 4598 certe
962 4521 1123 4597 Homero
1147 4519 1325 4595 neminem
1344 4521 1501 4616 legimus
1518 4523 1608 4599 fuis-

487 4667 529 4722 se
549 4647 797 4742 vetustiorem,
818 4651 918 4726 cuius
947 4649 1091 4747 quidem
1120 4647 1261 4747 scripta
1288 4649 1336 4724 ad
1363 4672 1430 4724 nos
1463 4650 1607 4746 integre
