3625 5534
484 497 561 576 156
892 523 942 575 10.
962 523 1063 573 nucu
1081 517 1232 574 snuovn

482 698 603 775 vaturi
619 697 830 818 uideantur.
861 695 933 772 His
962 704 1073 795 atquc
1104 696 1190 772 aliis
1209 697 1391 774 similibus
1409 699 1449 773 in
1468 706 1613 774 utram·

482 847 554 922 que
581 830 725 921 partem
753 822 890 898 acriter
920 822 1148 921 disceptatis,
1168 822 1337 914 tandem,
1374 847 1422 898 ne
1449 821 1614 899 Caesari
1735 914 1736 933 χ

483 949 621 1025 auxilia
645 972 690 1024 ac
707 948 838 1024 foedus
866 949 1015 1046 roganti
1042 969 1197 1046 prorsus
1226 948 1414 1045 denegare
1443 947 1612 1024 Ordines

481 1076 588 1170 regui
607 1074 831 1168 viderentur,
850 1075 1049 1150 ostendunt
1068 1096 1202 1149 senon
1222 1074 1364 1150 alienos
1385 1098 1408 1149 a
1426 1074 1612 1150 societate
1735 1068 1736 1111 ¹

481 1200 571 1276 belli
590 1223 688 1292 esse,
707 1199 775 1276 scd
794 1224 876 1276 cum
895 1201 967 1275 bac
987 1198 1207 1290 conditione,
1235 1207 1277 1273 ut
1299 1199 1457 1299 primum
1476 1198 1611 1275 summi
1735 1186 1736 1261 ἶ

481 1325 615 1422 quique
644 1321 849 1400 Christiani
878 1324 981 1398 orbis
1010 1321 1221 1423 Principes,
1249 1323 1367 1423 Papa,
1400 1325 1612 1423 Hispanus,

330 1475 341 1488 ·
482 1446 629 1543 Gallus,
648 1448 805 1546 Anglus,
825 1450 968 1544 Dauus,
988 1447 1123 1525 Scotus
1144 1459 1183 1526 et
1201 1451 1327 1542 ceteri,
1354 1459 1458 1528 carto
1490 1451 1611 1526 stani-
1735 1450 1736 1545 ᾖ

479 1574 580 1671 lique
599 1575 780 1650 adversus
802 1576 967 1650 ancam
986 1574 1139 1649 foedare
1157 1597 1286 1650 omnes
1304 1575 1516 1672 iungantur.
1546 1575 1611 1650 Ad
1735 1650 1736 1653 γ

479 1699 591 1790 haec,
637 1707 678 1775 ut
718 1697 812 1790 haec
855 1699 1012 1775 consilia
1057 1723 1139 1777 cum
1184 1698 1422 1799 Principibus
1451 1701 1609 1800 Imperii

481 1823 717 1902 Electcribus
747 1826 902 1924 primum
931 1826 1252 1921 communicentur,
1290 1835 1404 1923 utque
1431 1851 1505 1903 non
1524 1849 1611 1903 cnm

481 1945 816 2049 ansare2tantum,
838 1951 906 2027 sed
924 1959 1002 2027 toto
1021 1953 1182 2050 Imperio
1190 1953 1325 2029 foedus
1341 1952 1443 2027 istud
1462 1953 1611 2028 sancia·
1735 1940 1736 1997 ³

481 2069 560 2174 tur[;
580 2077 725 2152 interea
742 2085 866 2154 tamen
884 2077 934 2152 ad
962 2080 1161 2154 arcendam
1178 2080 1424 2154 Tartarorum
1444 2079 1610 2176 eruptio·
1735 2096 1736 2099 ‘

478 2224 571 2290 nem,
591 2202 709 2299 primo
729 2225 874 2301 quoque
893 2211 1061 2301 tempore
1080 2203 1211 2302 copias
1230 2202 1279 2279 ad
1302 2201 1483 2279 Polcuiae
1510 2203 1611 2280 fines

406 2307 412 2314 ¹
477 2328 515 2402 in
535 2327 648 2403 armis
667 2338 818 2427 praesto
838 2330 919 2404 fore
938 2329 1150 2423 decernant,
1170 2353 1215 2405 ac
1233 2329 1280 2405 de
1298 2328 1508 2427 sumptibus
1516 2329 1612 2405 belli

479 2453 712 2544 constituant,
732 2462 773 2528 ut
791 2453 921 2530 Iudaei
941 2453 1087 2552 quidem
1107 2454 1246 2552 singuli
1265 2453 1436 2552 singulos
1456 2477 1608 2546 aureos,

479 2577 593 2654 ceteri
620 2599 709 2652 vcro
737 2578 881 2654 incolae
901 2575 956 2678 (ut
973 2601 1069 2654 anno
1089 2577 1385 2655 MDLXXVIII
1403 2578 1452 2654 ad
1464 2579 1610 2655 bellum

479 2701 624 2779 Moschi
645 2719 741 2778 ¹cum
769 2700 974 2803 Stephano)
1022 2705 1317 2798 contribuerent3
1355 2705 1609 2780 ecclesiastici

479 2829 634 2927 denique
671 2828 829 2906 liberale
857 2831 1069 2912 donativum
1097 2831 1135 2905 in
1163 2838 1239 2906 tam
1264 2852 1411 2906 sacrum
1448 2830 1609 2922 bellum,

332 2999 337 3006 ·
478 2977 546 3053 pro
574 2977 643 3031 sua
670 2954 827 3055 quisque
846 2963 961 3056 parte
988 2957 1208 3031 conferrent.

942 3148 1141 3158 —--—-·

778 3329 954 3407 OAPVT
988 3327 1322 3408 VNDECIMVM.

481 3509 538 3582 De
556 3509 762 3584 solennibus
790 3508 1029 3611 legationibus
1056 3509 1305 3606 Imperatoris,
1336 3508 1609 3608 Trcnsylvaao

478 3659 570 3728 mum,
593 3661 638 3709 cc
665 3635 891 3736 Veparornm
910 3635 962 3709 ad
978 3633 1274 3729 Poloaoamiasia,
1290 3639 1468 3734 irritoque
1476 3660 1611 3710 carram

979 3770 1119 3833 evento.

586 3937 731 4030 Quibus
750 3939 863 4014 rebus
874 3936 1609 4030 deliberatis,advenereadhaeceadem

480 4063 640 4139 Comitia
675 4087 699 4138 a
734 4062 931 4162 Rodolpho
969 4064 1201 4161 Imperatore
1226 4063 1363 4159 legati:
1392 4062 1610 4142 Stanislana

479 4188 690 4286 Episcopus
709 4185 979 4281 Olomucensis,
999 4196 1037 4263 et
1055 4186 1289 4264 Venceslaus
1317 4213 1341 4264 a
1363 4189 1487 4266 Berca
1504 4190 1609 4267 Baro

478 4313 516 4386 in
543 4312 655 4388 Daub
684 4319 721 4388 ct
749 4312 1001 4390 Marscballns
1028 4312 1214 4407 Boemiae,
1241 4335 1419 4389 unacum
1447 4314 1610 4410 Legatis

478 4437 691 4514 Electorum
720 4439 886 4538 Imperii;
913 4439 981 4515 sed
998 4462 1079 4514 cum
1099 4439 1200 4515 circa
1226 4438 1337 4514 tinem
1365 4436 1610 4518 Oomitiorum

480 4560 729 4657 advenissent,
750 4587 824 4642 non
842 4564 995 4643 multum
1021 4589 1103 4641 cum
1130 4564 1190 4640 his
1217 4564 1364 4664 publice
1390 4565 1455 4661 agi
1475 4568 1610 4664 potuit,

479 4690 700 4787 pracsertim
719 4692 824 4768 feriis
844 4691 1093 4772 Paschalibus
1121 4693 1171 4767 ad
1193 4716 1240 4767 ea
1262 4692 1349 4796 ipsa
1365 4700 1537 4797 tempora
1554 4694 1610 4772 iu·
