<?xml version="1.0" encoding="UTF-8"?>
<!DOCTYPE html PUBLIC "-//W3C//DTD XHTML 1.0 Transitional//EN"
    "http://www.w3.org/TR/xhtml1/DTD/xhtml1-transitional.dtd">
<html xmlns="http://www.w3.org/1999/xhtml" xml:lang="en" lang="en">
 <head>
  <title>
</title>
<meta http-equiv="Content-Type" content="text/html;charset=utf-8" />
  <meta name='ocr-system' content='tesseract 3.04.00' />
  <meta name='ocr-capabilities' content='ocr_page ocr_carea ocr_par ocr_line ocrx_word'/>
</head>
<body>
  <div class='ocr_page' id='page_1' title='image "./magyarhistorija00decsgoog_0306.png"; bbox 0 0 3625 5534; ppageno 0'>
   <div class='ocr_carea' id='block_1_1' title="bbox 462 459 1208 537">
    <p class='ocr_par' dir='ltr' id='par_1_1' title="bbox 462 459 1208 537">
     <span class='ocr_line' id='line_1_1' title="bbox 462 459 1208 537; baseline -0.011 -1"><span class='ocrx_word' id='word_1_1' title='bbox 462 459 540 537; x_wconf 78' lang='lat'>216</span> <span class='ocrx_word' id='word_1_2' title='bbox 866 481 915 531; x_wconf 88' lang='lat'>10.</span> <span class='ocrx_word' id='word_1_3' title='bbox 934 479 1037 531; x_wconf 86' lang='lat' dir='ltr'>nnou</span> <span class='ocrx_word' id='word_1_4' title='bbox 1057 479 1208 530; x_wconf 77' lang='lat' dir='ltr'>nnnovrr</span> 
     </span>
    </p>
   </div>
   <div class='ocr_carea' id='block_1_2' title="bbox 462 652 1585 1385">
    <p class='ocr_par' dir='ltr' id='par_1_2' title="bbox 462 652 1585 1385">
     <span class='ocr_line' id='line_1_2' title="bbox 462 652 1577 751; baseline -0.006 -19"><span class='ocrx_word' id='word_1_5' title='bbox 462 665 632 732; x_wconf 87' lang='lat' dir='ltr'>autumno</span> <span class='ocrx_word' id='word_1_6' title='bbox 670 658 709 732; x_wconf 93' lang='lat' dir='ltr'>in</span> <span class='ocrx_word' id='word_1_7' title='bbox 746 658 842 732; x_wconf 91' lang='lat' dir='ltr'>huno</span> <span class='ocrx_word' id='word_1_8' title='bbox 878 654 1023 730; x_wconf 90' lang='lat' dir='ltr'>modum</span> <span class='ocrx_word' id='word_1_9' title='bbox 1048 661 1227 745; x_wconf 85' lang='lat' dir='ltr'>extracto,</span> <span class='ocrx_word' id='word_1_10' title='bbox 1255 654 1384 751; x_wconf 88' lang='lat' dir='ltr'>copias</span> <span class='ocrx_word' id='word_1_11' title='bbox 1407 652 1577 750; x_wconf 89' lang='lat' dir='ltr'>Principis</span> 
     </span>
     <span class='ocr_line' id='line_1_3' title="bbox 462 780 1580 882; baseline -0.005 -24"><span class='ocrx_word' id='word_1_12' title='bbox 462 793 613 882; x_wconf 87' lang='lat' dir='ltr'>propter</span> <span class='ocrx_word' id='word_1_13' title='bbox 637 780 1419 878; x_wconf 86' lang='lat' dir='ltr'>adventantisbrumaesaevitiamdilapsas,</span> <span class='ocrx_word' id='word_1_14' title='bbox 1429 801 1580 876; x_wconf 89' lang='lat' dir='ltr'>suasque</span> 
     </span>
     <span class='ocr_line' id='line_1_4' title="bbox 466 903 1581 1004; baseline -0.004 -21"><span class='ocrx_word' id='word_1_15' title='bbox 466 932 511 983; x_wconf 88' lang='lat' dir='ltr'>ex</span> <span class='ocrx_word' id='word_1_16' title='bbox 530 908 678 985; x_wconf 90' lang='lat' dir='ltr'>munitis</span> <span class='ocrx_word' id='word_1_17' title='bbox 706 903 782 982; x_wconf 91' lang='lat' dir='ltr'>illis</span> <span class='ocrx_word' id='word_1_18' title='bbox 813 906 959 1004; x_wconf 79' lang='lat' dir='ltr'>oppidis</span> <span class='ocrx_word' id='word_1_19' title='bbox 989 906 1222 982; x_wconf 77' lang='lat' dir='ltr'><strong>occasionem</strong></span> <span class='ocrx_word' id='word_1_20' title='bbox 1253 929 1300 980; x_wconf 87' lang='lat' dir='ltr'>ex</span> <span class='ocrx_word' id='word_1_21' title='bbox 1327 905 1581 1004; x_wconf 91' lang='lat' dir='ltr'>propinquoin</span> 
     </span>
     <span class='ocr_line' id='line_1_5' title="bbox 465 1030 1579 1136; baseline -0.002 -30"><span class='ocrx_word' id='word_1_22' title='bbox 465 1033 779 1136; x_wconf 84' lang='lat' dir='ltr'>Transylvanianr</span> <span class='ocrx_word' id='word_1_23' title='bbox 789 1032 1016 1132; x_wconf 88' lang='lat' dir='ltr'>irrumpendi</span> <span class='ocrx_word' id='word_1_24' title='bbox 1031 1030 1237 1107; x_wconf 86' lang='lat' dir='ltr'>faciliorem</span> <span class='ocrx_word' id='word_1_25' title='bbox 1246 1030 1453 1122; x_wconf 89' lang='lat' dir='ltr'>habituras,</span> <span class='ocrx_word' id='word_1_26' title='bbox 1471 1030 1579 1106; x_wconf 87' lang='lat' dir='ltr'>donec</span> 
     </span>
     <span class='ocr_line' id='line_1_6' title="bbox 464 1155 1585 1257; baseline -0.004 -23"><span class='ocrx_word' id='word_1_27' title='bbox 464 1161 583 1257; x_wconf 89' lang='lat' dir='ltr'>primo</span> <span class='ocrx_word' id='word_1_28' title='bbox 612 1183 712 1254; x_wconf 86' lang='lat' dir='ltr'>vere,</span> <span class='ocrx_word' id='word_1_29' title='bbox 751 1159 867 1235; x_wconf 87' lang='lat' dir='ltr'>variis</span> <span class='ocrx_word' id='word_1_30' title='bbox 896 1183 944 1235; x_wconf 86' lang='lat' dir='ltr'>ex</span> <span class='ocrx_word' id='word_1_31' title='bbox 971 1158 1143 1257; x_wconf 87' lang='lat' dir='ltr'>partibus</span> <span class='ocrx_word' id='word_1_32' title='bbox 1174 1156 1461 1257; x_wconf 87' lang='lat' dir='ltr'>Transylvania</span> <span class='ocrx_word' id='word_1_33' title='bbox 1487 1155 1585 1231; x_wconf 87' lang='lat' dir='ltr'>iustis</span> 
     </span>
     <span class='ocr_line' id='line_1_7' title="bbox 467 1267 1236 1385; baseline -0.005 -25"><span class='ocrx_word' id='word_1_34' title='bbox 467 1286 584 1385; x_wconf 89' lang='lat' dir='ltr'>copiis</span> <span class='ocrx_word' id='word_1_35' title='bbox 605 1287 824 1362; x_wconf 83' lang='lat' dir='ltr'>obrueretur</span> <span class='ocrx_word' id='word_1_36' title='bbox 844 1294 881 1362; x_wconf 86' lang='lat' dir='ltr'>et</span> <span class='ocrx_word' id='word_1_37' title='bbox 900 1267 1236 1362; x_wconf 83' lang='lat' dir='ltr'>circumveniretur.</span> 
     </span>
    </p>
   </div>
   <div class='ocr_carea' id='block_1_3' title="bbox 922 1519 1122 1529">
    <p class='ocr_par' dir='ltr' id='par_1_3' title="bbox 922 1519 1122 1529">
     <span class='ocr_line' id='line_1_8' title="bbox 922 1519 1122 1529; baseline -0.015 0"><span class='ocrx_word' id='word_1_38' title='bbox 922 1519 1122 1529; x_wconf 80' lang='lat'><em>—-—--—-</em></span> 
     </span>
    </p>
   </div>
   <div class='ocr_carea' id='block_1_4' title="bbox 739 1691 1317 1773">
    <p class='ocr_par' dir='ltr' id='par_1_4' title="bbox 739 1691 1317 1773">
     <span class='ocr_line' id='line_1_9' title="bbox 739 1691 1317 1773; baseline -0.003 -3"><span class='ocrx_word' id='word_1_39' title='bbox 739 1693 916 1773; x_wconf 82' lang='lat' dir='ltr'><strong>OAPVT</strong></span> <span class='ocrx_word' id='word_1_40' title='bbox 946 1691 1317 1771; x_wconf 79' lang='lat' dir='ltr'><strong>DVODECIMVM.</strong></span> 
     </span>
    </p>
   </div>
   <div class='ocr_carea' id='block_1_5' title="bbox 470 1855 1587 2082">
    <p class='ocr_par' dir='ltr' id='par_1_5' title="bbox 470 1855 1587 2082">
     <span class='ocr_line' id='line_1_10' title="bbox 470 1855 1587 1955; baseline -0.004 -23"><span class='ocrx_word' id='word_1_41' title='bbox 470 1859 527 1932; x_wconf 87' lang='lat' dir='ltr'>Do</span> <span class='ocrx_word' id='word_1_42' title='bbox 543 1863 666 1955; x_wconf 72' lang='lat' dir='ltr'>pricio</span> <span class='ocrx_word' id='word_1_43' title='bbox 687 1859 874 1954; x_wconf 79' lang='lat' dir='ltr'>Principis</span> <span class='ocrx_word' id='word_1_44' title='bbox 893 1869 1022 1931; x_wconf 82' lang='lat' dir='ltr'>contro</span> <span class='ocrx_word' id='word_1_45' title='bbox 1041 1855 1228 1933; x_wconf 76' lang='lat' dir='ltr'>Siracorum</span> <span class='ocrx_word' id='word_1_46' title='bbox 1246 1859 1412 1950; x_wconf 80' lang='lat' dir='ltr'>uictoria,</span> <span class='ocrx_word' id='word_1_47' title='bbox 1441 1871 1587 1954; x_wconf 81' lang='lat' dir='ltr'>recepto</span> 
     </span>
     <span class='ocr_line' id='line_1_11' title="bbox 873 1982 1183 2082; baseline -0.006 -26"><span class='ocrx_word' id='word_1_48' title='bbox 873 2008 944 2080; x_wconf 85' lang='lat' dir='ltr'>quo</span> <span class='ocrx_word' id='word_1_49' title='bbox 970 1982 1183 2082; x_wconf 77' lang='lat' dir='ltr'>Terpooisto.</span> 
     </span>
    </p>
   </div>
   <div class='ocr_carea' id='block_1_6' title="bbox 472 2141 1594 2747">
    <p class='ocr_par' dir='ltr' id='par_1_6' title="bbox 472 2141 1594 2747">
     <span class='ocr_line' id='line_1_12' title="bbox 578 2141 1590 2244; baseline -0.002 -26"><span class='ocrx_word' id='word_1_50' title='bbox 578 2145 757 2244; x_wconf 92' lang='lat' dir='ltr'>Princeps</span> <span class='ocrx_word' id='word_1_51' title='bbox 786 2151 908 2219; x_wconf 88' lang='lat' dir='ltr'>autem</span> <span class='ocrx_word' id='word_1_52' title='bbox 927 2141 1198 2240; x_wconf 82' lang='lat' dir='ltr'>Sigismundus,</span> <span class='ocrx_word' id='word_1_53' title='bbox 1217 2146 1361 2220; x_wconf 83' lang='lat' dir='ltr'>occulta</span> <span class='ocrx_word' id='word_1_54' title='bbox 1379 2143 1453 2220; x_wconf 88' lang='lat' dir='ltr'>Dei</span> <span class='ocrx_word' id='word_1_55' title='bbox 1476 2143 1590 2242; x_wconf 79' lang='lat' dir='ltr'>provi·</span> 
     </span>
     <span class='ocr_line' id='line_1_13' title="bbox 474 2269 1591 2368; baseline -0.002 -22"><span class='ocrx_word' id='word_1_56' title='bbox 474 2273 599 2349; x_wconf 87' lang='lat' dir='ltr'>dantia</span> <span class='ocrx_word' id='word_1_57' title='bbox 618 2273 758 2365; x_wconf 90' lang='lat' dir='ltr'>ductus,</span> <span class='ocrx_word' id='word_1_58' title='bbox 787 2269 899 2368; x_wconf 82' lang='lat' dir='ltr'>longe</span> <span class='ocrx_word' id='word_1_59' title='bbox 929 2271 1115 2368; x_wconf 74' lang='lat' dir='ltr'>diversam</span> <span class='ocrx_word' id='word_1_60' title='bbox 1135 2271 1305 2346; x_wconf 84' lang='lat' dir='ltr'>vincendi</span> <span class='ocrx_word' id='word_1_61' title='bbox 1332 2270 1463 2346; x_wconf 86' lang='lat' dir='ltr'>hostes</span> <span class='ocrx_word' id='word_1_62' title='bbox 1490 2269 1591 2346; x_wconf 87' lang='lat' dir='ltr'>ratio</span> 
     </span>
     <span class='ocr_line' id='line_1_14' title="bbox 473 2397 1593 2496; baseline -0.004 -21"><span class='ocrx_word' id='word_1_63' title='bbox 473 2424 556 2475; x_wconf 88' lang='lat' dir='ltr'>nem</span> <span class='ocrx_word' id='word_1_64' title='bbox 585 2407 754 2490; x_wconf 87' lang='lat' dir='ltr'>secutus,</span> <span class='ocrx_word' id='word_1_65' title='bbox 794 2397 943 2474; x_wconf 86' lang='lat' dir='ltr'>eosdem</span> <span class='ocrx_word' id='word_1_66' title='bbox 971 2405 1008 2474; x_wconf 87' lang='lat' dir='ltr'>et</span> <span class='ocrx_word' id='word_1_67' title='bbox 1035 2397 1174 2474; x_wconf 87' lang='lat' dir='ltr'>arcium</span> <span class='ocrx_word' id='word_1_68' title='bbox 1203 2405 1241 2472; x_wconf 88' lang='lat' dir='ltr'>et</span> <span class='ocrx_word' id='word_1_69' title='bbox 1266 2421 1390 2474; x_wconf 88' lang='lat' dir='ltr'>rerum</span> <span class='ocrx_word' id='word_1_70' title='bbox 1416 2397 1593 2496; x_wconf 88' lang='lat' dir='ltr'>potituros</span> 
     </span>
     <span class='ocr_line' id='line_1_15' title="bbox 472 2523 1593 2622; baseline -0.003 -23"><span class='ocrx_word' id='word_1_71' title='bbox 472 2525 671 2617; x_wconf 88' lang='lat' dir='ltr'>indicabat,</span> <span class='ocrx_word' id='word_1_72' title='bbox 690 2525 753 2621; x_wconf 91' lang='lat' dir='ltr'>qui</span> <span class='ocrx_word' id='word_1_73' title='bbox 772 2531 942 2600; x_wconf 90' lang='lat' dir='ltr'>conserto</span> <span class='ocrx_word' id='word_1_74' title='bbox 962 2524 1086 2622; x_wconf 85' lang='lat' dir='ltr'>palam</span> <span class='ocrx_word' id='word_1_75' title='bbox 1114 2523 1258 2622; x_wconf 89' lang='lat' dir='ltr'>praelio</span> <span class='ocrx_word' id='word_1_76' title='bbox 1283 2523 1497 2622; x_wconf 77' lang='lat' dir='ltr'>superiores</span> <span class='ocrx_word' id='word_1_77' title='bbox 1515 2546 1593 2598; x_wconf 87' lang='lat' dir='ltr'>eva·</span> 
     </span>
     <span class='ocr_line' id='line_1_16' title="bbox 474 2645 1594 2747; baseline -0.004 -22"><span class='ocrx_word' id='word_1_78' title='bbox 474 2650 612 2725; x_wconf 86' lang='lat' dir='ltr'>darent.</span> <span class='ocrx_word' id='word_1_79' title='bbox 660 2648 851 2724; x_wconf 87' lang='lat' dir='ltr'>Indixerat</span> <span class='ocrx_word' id='word_1_80' title='bbox 887 2647 1002 2746; x_wconf 84' lang='lat' dir='ltr'>igitur</span> <span class='ocrx_word' id='word_1_81' title='bbox 1039 2647 1232 2747; x_wconf 89' lang='lat' dir='ltr'>Princeps,</span> <span class='ocrx_word' id='word_1_82' title='bbox 1268 2648 1352 2724; x_wconf 91' lang='lat' dir='ltr'>dum</span> <span class='ocrx_word' id='word_1_83' title='bbox 1380 2647 1502 2723; x_wconf 86' lang='lat' dir='ltr'>adhuc</span> <span class='ocrx_word' id='word_1_84' title='bbox 1544 2645 1594 2721; x_wconf 86' lang='lat' dir='ltr'>cis</span> 
     </span>
    </p>
   </div>
   <div class='ocr_carea' id='block_1_7' title="bbox 473 2774 1721 3127">
    <p class='ocr_par' dir='ltr' id='par_1_7' title="bbox 473 2774 1721 3127">
     <span class='ocr_line' id='line_1_17' title="bbox 475 2774 1721 2875; baseline -0.003 -24"><span class='ocrx_word' id='word_1_85' title='bbox 475 2778 581 2875; x_wconf 88' lang='lat' dir='ltr'>alpes</span> <span class='ocrx_word' id='word_1_86' title='bbox 601 2782 902 2867; x_wconf 80' lang='lat' dir='ltr'>commoraretur,</span> <span class='ocrx_word' id='word_1_87' title='bbox 922 2774 1082 2849; x_wconf 86' lang='lat' dir='ltr'>militare</span> <span class='ocrx_word' id='word_1_88' title='bbox 1098 2775 1303 2869; x_wconf 90' lang='lat' dir='ltr'>consilinm,</span> <span class='ocrx_word' id='word_1_89' title='bbox 1332 2775 1508 2850; x_wconf 85' lang='lat' dir='ltr'>et&#39;utrnm</span> <span class='ocrx_word' id='word_1_90' title='bbox 1536 2774 1595 2848; x_wconf 70' lang='lat' dir='ltr'>oo</span> <span class='ocrx_word' id='word_1_91' title='bbox 1720 2852 1721 2869; x_wconf 56' lang='lat'>,</span> 
     </span>
     <span class='ocr_line' id='line_1_18' title="bbox 473 2898 1721 2999; baseline -0.002 -22"><span class='ocrx_word' id='word_1_92' title='bbox 473 2902 572 2977; x_wconf 90' lang='lat' dir='ltr'>viam</span> <span class='ocrx_word' id='word_1_93' title='bbox 582 2899 717 2993; x_wconf 84' lang='lat' dir='ltr'>Turois</span> <span class='ocrx_word' id='word_1_94' title='bbox 735 2898 1010 2999; x_wconf 90' lang='lat' dir='ltr'>proficiendum,</span> <span class='ocrx_word' id='word_1_95' title='bbox 1029 2925 1078 2974; x_wconf 86' lang='lat' dir='ltr'>an</span> <span class='ocrx_word' id='word_1_96' title='bbox 1095 2900 1135 2974; x_wconf 94' lang='lat' dir='ltr'>in</span> <span class='ocrx_word' id='word_1_97' title='bbox 1146 2900 1450 2997; x_wconf 85' lang='lat' dir='ltr'>Transylvaniae</span> <span class='ocrx_word' id='word_1_98' title='bbox 1467 2899 1595 2974; x_wconf 78' lang='lat' dir='ltr'>finibus</span> <span class='ocrx_word' id='word_1_99' title='bbox 1720 2958 1721 2975; x_wconf 64' lang='grc'>,</span> 
     </span>
     <span class='ocr_line' id='line_1_19' title="bbox 475 3023 1721 3127; baseline -0.004 -25"><span class='ocrx_word' id='word_1_100' title='bbox 475 3026 693 3114; x_wconf 77' lang='lat' dir='ltr'>manendum</span> <span class='ocrx_word' id='word_1_101' title='bbox 713 3033 825 3118; x_wconf 87' lang='lat' dir='ltr'>esset,</span> <span class='ocrx_word' id='word_1_102' title='bbox 845 3025 1123 3100; x_wconf 88' lang='lat' dir='ltr'>deliberandum</span> <span class='ocrx_word' id='word_1_103' title='bbox 1142 3032 1400 3125; x_wconf 80' lang='lat' dir='ltr'>proposuerat.</span> <span class='ocrx_word' id='word_1_104' title='bbox 1429 3023 1597 3123; x_wconf 88' lang='lat' dir='ltr'>Plerique</span> <span class='ocrx_word' id='word_1_105' title='bbox 1720 3122 1721 3127; x_wconf 7' lang='grc' dir='ltr'><strong><em>Ν</em></strong></span> 
     </span>
    </p>
   </div>
   <div class='ocr_carea' id='block_1_8' title="bbox 474 3150 1721 3501">
    <p class='ocr_par' dir='ltr' id='par_1_8' title="bbox 474 3150 1721 3501">
     <span class='ocr_line' id='line_1_20' title="bbox 474 3150 1721 3249; baseline -0.001 -23"><span class='ocrx_word' id='word_1_106' title='bbox 474 3152 685 3246; x_wconf 85' lang='lat' dir='ltr'>Procerum,</span> <span class='ocrx_word' id='word_1_107' title='bbox 707 3152 942 3228; x_wconf 86' lang='lat' dir='ltr'>considerata</span> <span class='ocrx_word' id='word_1_108' title='bbox 951 3151 1112 3228; x_wconf 90' lang='lat' dir='ltr'>hostium</span> <span class='ocrx_word' id='word_1_109' title='bbox 1122 3150 1597 3249; x_wconf 87' lang='lat' dir='ltr'>multitudine,pericnlique</span> <span class='ocrx_word' id='word_1_110' title='bbox 1720 3162 1721 3243; x_wconf 54' lang='grc' dir='ltr'>ᾗ</span> 
     </span>
     <span class='ocr_line' id='line_1_21' title="bbox 474 3273 1596 3376; baseline -0.005 -23"><span class='ocrx_word' id='word_1_111' title='bbox 474 3278 736 3374; x_wconf 80' lang='lat' dir='ltr'>magnitudine,</span> <span class='ocrx_word' id='word_1_112' title='bbox 748 3276 923 3376; x_wconf 89' lang='lat' dir='ltr'>Principi,</span> <span class='ocrx_word' id='word_1_113' title='bbox 934 3301 981 3353; x_wconf 87' lang='lat' dir='ltr'>ne</span> <span class='ocrx_word' id='word_1_114' title='bbox 992 3301 1072 3353; x_wconf 87' lang='lat' dir='ltr'>cum</span> <span class='ocrx_word' id='word_1_115' title='bbox 1082 3278 1263 3353; x_wconf 80' lang='lat' dir='ltr'>Barbarie</span> <span class='ocrx_word' id='word_1_116' title='bbox 1273 3276 1503 3374; x_wconf 80' lang='lat' dir='ltr'>confligeret,</span> <span class='ocrx_word' id='word_1_117' title='bbox 1514 3273 1596 3352; x_wconf 87' lang='lat' dir='ltr'>nrul·</span> 
     </span>
     <span class='ocr_line' id='line_1_22' title="bbox 479 3400 1721 3501; baseline -0.006 -24"><span class='ocrx_word' id='word_1_118' title='bbox 479 3403 529 3477; x_wconf 86' lang='lat' dir='ltr'>tis</span> <span class='ocrx_word' id='word_1_119' title='bbox 568 3402 695 3478; x_wconf 87' lang='lat' dir='ltr'>verbis</span> <span class='ocrx_word' id='word_1_120' title='bbox 725 3401 993 3478; x_wconf 81' lang='lat' dir='ltr'>dissuaserunt.</span> <span class='ocrx_word' id='word_1_121' title='bbox 1041 3400 1107 3478; x_wconf 86' lang='lat' dir='ltr'>Sat</span> <span class='ocrx_word' id='word_1_122' title='bbox 1144 3401 1430 3501; x_wconf 83' lang='lat' dir='ltr'>Transylvanos</span> <span class='ocrx_word' id='word_1_123' title='bbox 1457 3402 1597 3493; x_wconf 83' lang='lat' dir='ltr'>fecisse,</span> <span class='ocrx_word' id='word_1_124' title='bbox 1720 3422 1721 3497; x_wconf 54' lang='lat'><em>3</em></span> 
     </span>
    </p>
   </div>
   <div class='ocr_carea' id='block_1_9' title="bbox 479 3526 1598 3630">
    <p class='ocr_par' dir='ltr' id='par_1_9' title="bbox 479 3526 1598 3630">
     <span class='ocr_line' id='line_1_23' title="bbox 479 3526 1598 3630; baseline -0.001 -29"><span class='ocrx_word' id='word_1_125' title='bbox 479 3529 577 3628; x_wconf 90' lang='lat' dir='ltr'>quod</span> <span class='ocrx_word' id='word_1_126' title='bbox 604 3529 675 3604; x_wconf 87' lang='lat' dir='ltr'>iter</span> <span class='ocrx_word' id='word_1_127' title='bbox 694 3526 844 3624; x_wconf 84' lang='lat' dir='ltr'>Sinano,</span> <span class='ocrx_word' id='word_1_128' title='bbox 864 3552 911 3604; x_wconf 86' lang='lat' dir='ltr'>ne</span> <span class='ocrx_word' id='word_1_129' title='bbox 929 3530 1086 3607; x_wconf 89' lang='lat' dir='ltr'>ulterius</span> <span class='ocrx_word' id='word_1_130' title='bbox 1112 3529 1384 3629; x_wconf 82' lang='lat' dir='ltr'>progrediatur,</span> <span class='ocrx_word' id='word_1_131' title='bbox 1412 3531 1598 3630; x_wconf 76' lang='lat' dir='ltr'>obstrurc</span> 
     </span>
    </p>
   </div>
   <div class='ocr_carea' id='block_1_10' title="bbox 478 3652 1721 3761">
    <p class='ocr_par' dir='ltr' id='par_1_10' title="bbox 478 3652 1721 3761">
     <span class='ocr_line' id='line_1_24' title="bbox 478 3652 1721 3761; baseline -0.003 -30"><span class='ocrx_word' id='word_1_132' title='bbox 478 3657 561 3731; x_wconf 88' lang='lat' dir='ltr'>rint</span> <span class='ocrx_word' id='word_1_133' title='bbox 581 3655 664 3731; x_wconf 94' lang='lat' dir='ltr'>Hoc</span> <span class='ocrx_word' id='word_1_134' title='bbox 683 3658 757 3731; x_wconf 89' lang='lat' dir='ltr'>iam</span> <span class='ocrx_word' id='word_1_135' title='bbox 776 3663 932 3749; x_wconf 87' lang='lat' dir='ltr'>restare,</span> <span class='ocrx_word' id='word_1_136' title='bbox 952 3680 999 3732; x_wconf 89' lang='lat' dir='ltr'>ne</span> <span class='ocrx_word' id='word_1_137' title='bbox 1018 3665 1164 3756; x_wconf 87' lang='lat' dir='ltr'>partam</span> <span class='ocrx_word' id='word_1_138' title='bbox 1184 3655 1448 3754; x_wconf 82' lang='lat' dir='ltr'>hancgloriam</span> <span class='ocrx_word' id='word_1_139' title='bbox 1465 3652 1598 3732; x_wconf 81' lang='lat' dir='ltr'>infelici</span> <span class='ocrx_word' id='word_1_140' title='bbox 1720 3666 1721 3761; x_wconf 45' lang='grc' dir='ltr'>ξ</span> 
     </span>
    </p>
   </div>
   <div class='ocr_carea' id='block_1_11' title="bbox 479 3773 1598 3881">
    <p class='ocr_par' dir='ltr' id='par_1_11' title="bbox 479 3773 1598 3881">
     <span class='ocr_line' id='line_1_25' title="bbox 479 3773 1598 3881; baseline -0.001 -24"><span class='ocrx_word' id='word_1_141' title='bbox 479 3782 604 3880; x_wconf 86' lang='lat' dir='ltr'>aliqua</span> <span class='ocrx_word' id='word_1_142' title='bbox 623 3779 731 3858; x_wconf 89' lang='lat' dir='ltr'>clade</span> <span class='ocrx_word' id='word_1_143' title='bbox 755 3789 1001 3881; x_wconf 87' lang='lat' dir='ltr'>corrumpant.</span> <span class='ocrx_word' id='word_1_144' title='bbox 1031 3781 1137 3858; x_wconf 91' lang='lat' dir='ltr'>Vnus</span> <span class='ocrx_word' id='word_1_145' title='bbox 1164 3773 1335 3858; x_wconf 84' lang='lat' dir='ltr'>inventus</span> <span class='ocrx_word' id='word_1_146' title='bbox 1355 3789 1413 3857; x_wconf 89' lang='lat' dir='ltr'>est</span> <span class='ocrx_word' id='word_1_147' title='bbox 1429 3805 1524 3881; x_wconf 88' lang='lat' dir='ltr'>prae</span> <span class='ocrx_word' id='word_1_148' title='bbox 1547 3802 1598 3856; x_wconf 76' lang='lat' dir='ltr'>co</span> 
     </span>
    </p>
   </div>
   <div class='ocr_carea' id='block_1_12' title="bbox 478 3903 1721 4007">
    <p class='ocr_par' dir='ltr' id='par_1_12' title="bbox 478 3903 1721 4007">
     <span class='ocr_line' id='line_1_26' title="bbox 478 3903 1721 4007; baseline -0.004 -23"><span class='ocrx_word' id='word_1_149' title='bbox 478 3908 581 4002; x_wconf 88' lang='lat' dir='ltr'>teris,</span> <span class='ocrx_word' id='word_1_150' title='bbox 601 3907 658 3982; x_wconf 90' lang='lat' dir='ltr'>vir</span> <span class='ocrx_word' id='word_1_151' title='bbox 676 3931 836 4005; x_wconf 84' lang='lat' dir='ltr'>magnae</span> <span class='ocrx_word' id='word_1_152' title='bbox 856 3907 1093 3984; x_wconf 89' lang='lat' dir='ltr'>authoritatis</span> <span class='ocrx_word' id='word_1_153' title='bbox 1112 3933 1158 3984; x_wconf 92' lang='lat' dir='ltr'>ac</span> <span class='ocrx_word' id='word_1_154' title='bbox 1176 3931 1269 4007; x_wconf 83' lang='lat' dir='ltr'>erga</span> <span class='ocrx_word' id='word_1_155' title='bbox 1278 3908 1491 4005; x_wconf 89' lang='lat' dir='ltr'>Principem</span> <span class='ocrx_word' id='word_1_156' title='bbox 1509 3903 1599 3995; x_wconf 85' lang='lat' dir='ltr'>fidei,</span> <span class='ocrx_word' id='word_1_157' title='bbox 1720 3932 1721 3959; x_wconf 41' lang='grc' dir='ltr'>ι</span> 
     </span>
    </p>
   </div>
   <div class='ocr_carea' id='block_1_13' title="bbox 479 4134 1721 4766">
    <p class='ocr_par' dir='ltr' id='par_1_13' title="bbox 479 4134 1721 4766">
     <span class='ocr_line' id='line_1_27' title="bbox 479 4134 1721 4258; baseline 0 -25"><span class='ocrx_word' id='word_1_158' title='bbox 479 4157 660 4255; x_wconf 88' lang='lat' dir='ltr'>Princeps</span> <span class='ocrx_word' id='word_1_159' title='bbox 680 4159 860 4234; x_wconf 88' lang='lat' dir='ltr'>exercitui</span> <span class='ocrx_word' id='word_1_160' title='bbox 880 4182 1068 4258; x_wconf 85' lang='lat' dir='ltr'>praeesse,</span> <span class='ocrx_word' id='word_1_161' title='bbox 1099 4185 1144 4236; x_wconf 87' lang='lat' dir='ltr'>ac</span> <span class='ocrx_word' id='word_1_162' title='bbox 1166 4183 1244 4236; x_wconf 90' lang='lat' dir='ltr'>rem</span> <span class='ocrx_word' id='word_1_163' title='bbox 1263 4145 1386 4236; x_wconf 84' lang='lat' dir='ltr'>Marto</span> <span class='ocrx_word' id='word_1_164' title='bbox 1412 4184 1495 4236; x_wconf 90' lang='lat' dir='ltr'>cum</span> <span class='ocrx_word' id='word_1_165' title='bbox 1514 4160 1598 4236; x_wconf 86' lang='lat' dir='ltr'>Bar-</span> <span class='ocrx_word' id='word_1_166' title='bbox 1720 4134 1721 4201; x_wconf 47' lang='grc' dir='ltr'>ἶ</span> 
     </span>
     <span class='ocr_line' id='line_1_28' title="bbox 481 4266 1721 4384; baseline -0.002 -24"><span class='ocrx_word' id='word_1_167' title='bbox 481 4285 584 4362; x_wconf 84' lang='lat' dir='ltr'>baris</span> <span class='ocrx_word' id='word_1_168' title='bbox 604 4285 819 4361; x_wconf 87' lang='lat' dir='ltr'>discernere</span> <span class='ocrx_word' id='word_1_169' title='bbox 838 4287 961 4363; x_wconf 83' lang='lat' dir='ltr'>vellet.</span> <span class='ocrx_word' id='word_1_170' title='bbox 983 4285 1104 4363; x_wconf 89' lang='lat' dir='ltr'>Huius</span> <span class='ocrx_word' id='word_1_171' title='bbox 1123 4286 1236 4383; x_wconf 84' lang='lat' dir='ltr'>igitur</span> <span class='ocrx_word' id='word_1_172' title='bbox 1250 4287 1507 4363; x_wconf 85' lang='lat' dir='ltr'>cohortatione</span> <span class='ocrx_word' id='word_1_173' title='bbox 1523 4305 1599 4384; x_wconf 89' lang='lat' dir='ltr'>par·</span> <span class='ocrx_word' id='word_1_174' title='bbox 1720 4266 1721 4289; x_wconf 22' lang='grc' dir='ltr'><strong><em>Ν</em></strong></span> 
     </span>
     <span class='ocr_line' id='line_1_29' title="bbox 480 4408 1721 4511; baseline -0.004 -26"><span class='ocrx_word' id='word_1_175' title='bbox 480 4409 556 4506; x_wconf 85' lang='lat' dir='ltr'>tim,</span> <span class='ocrx_word' id='word_1_176' title='bbox 575 4411 710 4508; x_wconf 88' lang='lat' dir='ltr'>partim</span> <span class='ocrx_word' id='word_1_177' title='bbox 730 4434 819 4487; x_wconf 85' lang='lat' dir='ltr'>vero</span> <span class='ocrx_word' id='word_1_178' title='bbox 840 4421 972 4511; x_wconf 89' lang='lat' dir='ltr'>suapte</span> <span class='ocrx_word' id='word_1_179' title='bbox 996 4410 1176 4488; x_wconf 85' lang='lat' dir='ltr'>adductus</span> <span class='ocrx_word' id='word_1_180' title='bbox 1195 4412 1387 4511; x_wconf 76' lang='lat' dir='ltr'>Princeps,</span> <span class='ocrx_word' id='word_1_181' title='bbox 1407 4414 1599 4490; x_wconf 86' lang='lat' dir='ltr'>anathema</span> <span class='ocrx_word' id='word_1_182' title='bbox 1720 4408 1721 4417; x_wconf 69' lang='lat'><em>&#39;</em></span> 
     </span>
     <span class='ocr_line' id='line_1_30' title="bbox 480 4537 1721 4637; baseline -0.003 -25"><span class='ocrx_word' id='word_1_183' title='bbox 480 4558 562 4612; x_wconf 89' lang='lat' dir='ltr'>enm</span> <span class='ocrx_word' id='word_1_184' title='bbox 581 4558 665 4611; x_wconf 87' lang='lat' dir='ltr'>esse</span> <span class='ocrx_word' id='word_1_185' title='bbox 684 4538 953 4635; x_wconf 86' lang='lat' dir='ltr'>pronunciavit,</span> <span class='ocrx_word' id='word_1_186' title='bbox 973 4538 1180 4637; x_wconf 87' lang='lat' dir='ltr'>quicunque</span> <span class='ocrx_word' id='word_1_187' title='bbox 1201 4539 1285 4631; x_wconf 89' lang='lat' dir='ltr'>sibi,</span> <span class='ocrx_word' id='word_1_188' title='bbox 1306 4562 1353 4614; x_wconf 86' lang='lat' dir='ltr'>ne</span> <span class='ocrx_word' id='word_1_189' title='bbox 1372 4539 1409 4614; x_wconf 91' lang='lat' dir='ltr'>in</span> <span class='ocrx_word' id='word_1_190' title='bbox 1429 4537 1596 4615; x_wconf 88' lang='lat' dir='ltr'>conflictu</span> <span class='ocrx_word' id='word_1_191' title='bbox 1720 4550 1721 4567; x_wconf 57' lang='lat'>¹</span> 
     </span>
     <span class='ocr_line' id='line_1_31' title="bbox 483 4658 1598 4766; baseline 0.003 -29"><span class='ocrx_word' id='word_1_192' title='bbox 483 4661 642 4758; x_wconf 85' lang='lat' dir='ltr'>adesset,</span> <span class='ocrx_word' id='word_1_193' title='bbox 662 4667 881 4744; x_wconf 90' lang='lat' dir='ltr'>dissuadere</span> <span class='ocrx_word' id='word_1_194' title='bbox 902 4689 1015 4766; x_wconf 90' lang='lat' dir='ltr'>porro</span> <span class='ocrx_word' id='word_1_195' title='bbox 1035 4667 1255 4765; x_wconf 87' lang='lat' dir='ltr'>susciperet.</span> <span class='ocrx_word' id='word_1_196' title='bbox 1276 4667 1336 4742; x_wconf 85' lang='lat' dir='ltr'>lta</span> <span class='ocrx_word' id='word_1_197' title='bbox 1355 4658 1598 4742; x_wconf 86' lang='lat' dir='ltr'>instructisin</span> 
     </span>
    </p>
   </div>
   <div class='ocr_carea' id='block_1_14' title="bbox 0 0 1831 5534">
    <p class='ocr_par' dir='ltr' id='par_1_14' title="bbox 0 0 1831 5534">
     <span class='ocr_line' id='line_1_32' title="bbox 0 0 1831 5534; baseline 0 0"><span class='ocrx_word' id='word_1_198' title='bbox 0 0 1831 5534; x_wconf 95' lang='lat' dir='ltr'> </span> 
     </span>
    </p>
   </div>
  </div>
 </body>
</html>
