3625 5534
435 497 510 572 238
705 521 710 529 ·
834 515 883 565 ro.
904 513 1009 564 nneu
1027 512 1177 564 nrnovn

315 700 319 708 “
433 691 598 789 Principi
632 665 873 782 extorserint,
902 713 972 764 nee
1001 690 1080 764 eius
1109 687 1304 763 restitutae
1334 687 1570 763 conditiones

434 824 565 916 postea
591 815 838 907 observarint,
867 815 947 890 iure
977 814 1115 889 amissa
1144 811 1330 888 libertatis
1360 837 1570 912 praeroga·

436 942 513 1017 tir-a
540 943 579 1017 in
597 942 792 1040 pristinam
827 941 1020 1015 servitutis
1049 941 1293 1015 conditionem
1313 939 1492 1015 redactos
1514 939 1569 1011 vi-

436 1069 525 1170 deri.
554 1067 637 1142 Hac
662 1069 847 1143 sententia
875 1067 1131 1165 pronunciata,
1155 1067 1344 1142 Primores
1365 1065 1565 1143 confestim
1625 1059 1637 1082 ⁶

437 1194 652 1287 Siculorum,
677 1196 740 1291 qui
758 1194 938 1291 reliquam
958 1193 1061 1288 vulgi
1080 1191 1348 1268 multitudinem
1380 1193 1565 1290 exemplis

436 1321 514 1396 suis
544 1319 933 1416 cohortationibusque
952 1320 1145 1416 regebant,
1174 1343 1220 1394 ne
1241 1319 1379 1416 dilapsi
1398 1318 1566 1415 reliquos

389 1536 393 1544 ,
435 1447 635 1545 populares
664 1446 713 1520 ad
744 1445 922 1521 sumenda
951 1469 1054 1520 arma
1083 1447 1299 1536 excitarent,
1329 1446 1460 1520 eodem
1488 1469 1565 1522 mo·

437 1579 559 1645 mento
588 1569 772 1666 Principis
801 1570 921 1645 edicto
951 1571 1049 1668 capti
1078 1571 1185 1645 acin
1216 1592 1401 1646 carcerem
1431 1570 1571 1646 conditi

438 1696 552 1771 luere.

874 1858 1118 1868 .—---—----—

738 2000 913 2080 OAPVT
943 1999 1242 2081 SECVNDVM.

445 2167 501 2240 De
519 2171 706 2264 copiarum
727 2171 765 2240 t'n
784 2166 1011 2242 Moldooo'om
1039 2171 1231 2244 missarum
1249 2169 1364 2262 clade,
1384 2168 1569 2243 miserabi-

649 2289 744 2388 lique
764 2287 941 2386 Stephani
970 2291 1157 2389 Vojoodoe
1174 2294 1369 2392 supplicio.

549 2454 801 2550 Posteaquam
830 2453 990 2532 Sinanus
1019 2460 1174 2535 traiecto
1204 2461 1378 2537 Danubio
1408 2484 1490 2536 oum
1518 2463 1570 2536 in·

446 2582 617 2680 gentibus
638 2581 755 2680 copiis
766 2582 1067 2682 »Transalpinam
1095 2587 1289 2682 ingressus
1326 2595 1393 2680 est,
1433 2584 1570 2662 Oosaci

444 2730 511 2783 seu
529 2715 733 2805 spontaneo
753 2706 937 2782 vindictae
957 2708 1090 2800 studio,
1118 2713 1254 2810 quippe
1273 2713 1335 2808 qui
1355 2721 1570 2788 constanter

444 2837 629 2912 Aaronem
648 2840 875 2926 amaverunt,
897 2856 964 2909 seu
975 2835 1190 2910 connivente
1202 2837 1256 2910 eis
1267 2839 1406 2914 Ioanne
1418 2836 1567 2914 Samos-

444 2965 500 3039 cio
521 2959 699 3038 Poloniae
719 2955 966 3053 Cancellario,
989 2962 1050 3058 qui
1069 2969 1145 3036 tum
1164 2985 1231 3060 pro
1250 2961 1384 3039 linibus
1402 2964 1567 3040 Russiae

446 3088 623 3168 excubias
642 3092 771 3161 contra
790 3085 981 3171 Barbaros
1001 3089 1149 3183 agebat,
1178 3089 1216 3163 in
1235 3089 1463 3165 Moldaviam
1481 3092 1572 3167 irru-

445 3224 587 3317 perant,
624 3217 805 3313 pulsoque
834 3214 919 3290 inde
939 3213 1128 3313 Stephano
1161 3219 1356 3293 Ieremiam
1384 3221 1568 3316 quondam

447 3341 562 3420 nobili
590 3363 728 3436 genere
757 3341 947 3416 oriundum
978 3341 1192 3438 provinciae
1221 3346 1492 3441 praefecerunt.
1533 3349 1572 3421 Is

448 3466 684 3565 Sigismundo
712 3465 883 3565 Principe
913 3468 1166 3567 Transalpina
1203 3471 1437 3569 expeditione
1467 3497 1558 3550 occu

447 3604 546 3698 pato,
565 3593 720 3669 amicum
739 3616 781 3669 se
801 3593 1074 3692 Transylvanis
1102 3598 1183 3672 lore
1202 3599 1405 3695 protessus,
1435 3600 1573 3677 nullum

447 3721 595 3799 hostilis
633 3719 743 3795 animi
781 3719 925 3817 signum
962 3722 1104 3796 interea
1141 3725 1318 3821 temporis
1348 3724 1573 3801 ostenderat.

449 3850 538 3926 Ideo
556 3849 692 3922 lactum
712 3855 780 3938 est,
798 3855 839 3922 ut
857 3870 938 3922 cum
957 3847 1089 3923 Poloni
1109 3857 1260 3924 venturo
1285 3848 1475 3949 Stephano
1496 3875 1571 3927 oes-

449 3974 536 4063 suri,
567 3972 666 4046 acin
684 3972 776 4045 fines
798 3970 977 4047 Poloniae
998 3971 1090 4046 citra
1105 3995 1245 4048 moram
1264 3975 1475 4070 regressuri
1498 3999 1573 4052 cre-

451 4100 635 4188 derentur,
657 4097 847 4195 Princeps,
867 4103 1064 4194 antequam
1086 4096 1221 4173 Albam
1240 4100 1389 4190 rediret,
1419 4097 1575 4196 Stepha-

450 4247 535 4300 num
554 4223 765 4298 Moldaviae
784 4222 994 4298 Palatinum
1023 4249 1102 4299 eum
1131 4225 1274 4301 duobus
1303 4226 1449 4301 circiter
1476 4229 1574 4324 equi·

450 4359 526 4425 tum
553 4349 789 4446 peditumque
817 4348 980 4424 millibus
1010 4351 1047 4424 in
1075 4350 1304 4447 provinciam
1333 4352 1574 4447 ablegaverit.

453 4473 666 4575 Stephanus
684 4476 819 4573 partim
839 4478 920 4574 spei
941 4476 985 4550 de
1005 4475 1156 4552 Polonis
1176 4484 1377 4575 conceptae
1406 4479 1576 4570 confisus,

454 4600 590 4698 partim
608 4600 728 4697 fugati
747 4599 876 4676 Sinani
895 4602 1062 4678 discessu
1089 4605 1220 4695 elatus,
1249 4604 1360 4678 multo
1390 4626 1498 4702 quam
1519 4605 1576 4680 de-

454 4723 593 4801 cuisset
611 4725 828 4823 imparatior
847 4727 940 4803 fines
959 4729 1172 4826 provinciae
1202 4730 1396 4826 ingressus
1426 4741 1493 4806 est
1533 4731 1576 4807 Id
