3625 5534
482 515 531 565 nn
550 515 632 567 nnn.
653 515 737 568 vno.
758 515 842 569 nuc.
863 516 899 568 x.
920 516 955 566 a.
974 516 998 564 1.
1255 491 1306 570 11

462 1139 699 1238 LIBER
735 1137 1041 1238 PRIMVS.

541 1392 716 1472 OAPVT
743 1393 962 1470 PRIMVM.

347 1559 402 1632 De
431 1559 605 1634 Instituta
632 1558 739 1632 botius
768 1556 932 1630 Decodia
958 1556 1143 1630 Decimae.
1177 1519 1181 1526 .

305 1717 407 1797 1566.
437 1719 558 1820 Capto
579 1719 754 1818 Sigetho,
782 1745 827 1796 ao
851 1717 980 1820 Gyula
1006 1719 1155 1797 arcibus
1184 1722 1310 1820 Vnga-

221 1843 294 1936 riae,
309 1845 412 1944 longe
432 1847 705 1940 munitissimis,
735 1855 931 1946 postquam
950 1846 1227 1925 Maximilianus
1256 1855 1313 1924 tot

220 1969 463 2048 difficultatibus
482 1973 521 2048 in
540 1973 621 2048 dies
640 1973 776 2070 ubique
796 1972 1092 2069 emergentibus,
1112 1971 1232 2070 videt,
1251 1997 1315 2050 ne·

221 2119 370 2194 quaquam
397 2122 439 2174 se
466 2099 647 2175 Barbaris
675 2100 756 2174 fore
783 2122 938 2198 parem,
968 2096 1093 2171 missis
1124 2122 1169 2174 ea
1198 2100 1244 2176 de
1271 2122 1314 2174 re

219 2221 344 2316 nuntiis,
366 2246 497 2323 paoem
516 2247 597 2299 oum
618 2221 755 2299 Solimo
776 2224 985 2299 Turoarum
1004 2222 1234 2319 Imperatore
1254 2223 1311 2297 ta-

219 2347 263 2422 eit
277 2351 368 2426 luter
385 2350 615 2427 conditiones
634 2341 816 2443 foederis,
838 2358 876 2426 et
892 2351 987 2425 haee
1005 2349 1094 2443 fuit,
1120 2373 1167 2424 ne
1185 2350 1315 2425 liceret

216 2475 374 2550 tormentis
402 2477 548 2552 bellicis
579 2499 704 2568 aroes,
733 2478 921 2574 urbesque
949 2499 1188 2574 oppugnare,
1218 2476 1310 2551 inte-

217 2597 270 2672 rim
284 2607 396 2678 tamen
414 2601 506 2677 nihil
525 2603 670 2694 obesse,
688 2602 882 2700 quominus
901 2601 1168 2690 vellicationes,
1198 2609 1235 2678 et
1254 2598 1315 2676 de

215 2723 445 2822 populationes
463 2728 609 2820 fierent,
639 2727 828 2804 territoria
847 2726 1129 2824 subigerentur,
1161 2727 1232 2804 imo
1253 2749 1310 2801 ar-

215 2869 264 2924 ses
279 2850 398 2946 etiam,
428 2875 473 2926 ao
493 2853 629 2952 oppida
643 2853 680 2926 vi
701 2861 738 2928 et
756 2853 871 2944 dolis,
901 2853 1009 2928 modo
1027 2860 1213 2930 tormenta
1238 2855 1316 2930 bel·

213 2975 269 3050 lica
285 2979 471 3072 abessent,
491 2987 722 3079 caperentur.
750 2980 891 3055 Multae
909 2978 1044 3076 igitur,
1074 3002 1119 3054 ao
1137 3003 1316 3058 memora

210 3101 287 3178 biles
303 3089 479 3181 victoriae
497 3107 619 3198 iuxta,
640 3129 685 3180 ao
703 3106 845 3200 elades,
865 3107 1036 3203 utrinque
1055 3105 1126 3181 hoo
1144 3106 1313 3183 interien-

207 3237 237 3304 to
261 3231 415 3308 laederis
445 3239 612 3331 tempore
640 3233 678 3306 in
712 3231 882 3328 Vngsria
913 3231 1097 3306 martialis
1124 3232 1201 3307 ludi
1229 3232 1314 3309 alea

205 3357 436 3454 mntigerunt:
465 3364 506 3432 ut
525 3355 781 3434 Celeberrima
807 3357 874 3432 illa
892 3355 1085 3432 Francisoi
1114 3353 1239 3457 Gezty
1267 3355 1317 3430 ad

203 3479 453 3560 Ntdudvarum
473 3483 631 3559 victoria
649 3510 657 3558 :
686 3490 727 3559 ut
744 3483 823 3558 bini
840 3482 897 3557 illi
917 3489 1126 3558 nostrorum
1142 3483 1243 3582 apud
1261 3485 1317 3564 Si-

202 3609 333 3684 roviam
351 3607 548 3706 triumphi:
567 3614 608 3682 ut
627 3605 796 3690 Stsvtrii
815 3607 915 3706 apud
932 3605 1082 3682 fluvium
1100 3608 1229 3684 Bozod
1243 3612 1317 3686 ola·

201 3733 283 3809 les:
308 3741 349 3812 ut
368 3733 553 3810 Nadasdii
573 3756 645 3810 non
664 3732 794 3832 prooul
812 3759 835 3808 a
853 3733 961 3808 Buda
984 3733 1249 3810 infortunium:
1276 3744 1318 3811 ut

200 3859 348 3936 eiusdem
364 3858 647 3958 Koppaniensis
658 3860 756 3935 areis
776 3857 1013 3957 expugnatio,
1024 3865 1222 3957 ceteraque
1241 3845 1316 3934 ola'·

201 3987 333 4062 tissima
350 3985 529 4076 facinora,
547 3994 588 4061 ut
607 3985 849 4062 nundinarum
874 3985 1139 4061 Thuriensium
1157 3984 1317 4084 direptio

202 4111 291 4188 Duos
310 4110 502 4210 Stephano
520 4112 708 4188 Bathoreo
726 4112 845 4189 faeta:
874 4117 915 4186 ut
934 4110 1010 4187 alia
1028 4110 1185 4209 denique
1204 4134 1315 4208 quam

202 4237 344 4334 plurima
362 4237 521 4314 bellicae
539 4237 595 4314 rei
614 4238 847 4314 monimenta.
867 4235 944 4314 Sed
962 4235 1021 4310 his
1040 4235 1079 4310 in
1097 4233 1315 4333 praesentia

204 4363 353 4454 omissis,
383 4387 429 4439 ea
448 4387 517 4439 nos
535 4369 677 4438 tantum
702 4361 878 4462 prosequi
896 4363 935 4437 in
953 4361 1013 4436 his
1033 4358 1318 4436 Commentariis

206 4491 391 4584 statuimus,
414 4513 510 4588 quae
527 4497 636 4591 rupto
656 4491 817 4584 loedere,
837 4490 876 4565 in
895 4490 1073 4587 Vngaria
1093 4489 1316 4589 praesertim

208 4636 243 4690 ao
257 4617 372 4694 Daoia
392 4627 522 4696 eontra
539 4617 731 4695 Barbaros
751 4617 831 4716 geri
851 4625 985 4716 ooepta
1003 4626 1099 4693 sunt.

643 4809 854 4824 -ση--ὴ
