3625 5534
646 422 685 487 ris
702 423 842 490 numnis.
1259 425 1318 491 LV

216 609 311 684 dero:
331 631 417 681 vere
435 609 504 682 hoo
522 607 612 682 mihi
631 606 759 681 videor
788 605 963 696 dicturus,
984 606 1064 679 sine
1083 606 1229 700 legibus
1248 634 1318 686 non

215 733 337 808 domum
369 732 491 824 ullam,
521 758 594 809 non
623 733 819 820 civitatem,
849 754 921 804 non
940 731 1115 819 ordinem,
1143 757 1216 808 non
1234 759 1319 833 reg-

212 881 291 946 nam,
317 884 389 936 non
416 863 627 938 universnm
657 881 775 956 genos
795 855 988 948 hominnm,
1022 879 1095 931 non
1114 881 1236 937 rernm
1255 841 1328 939 nass

211 993 324 1078 turam,
361 986 434 1060 imo
452 1011 499 1062 nc
527 985 647 1084 ipsum
677 982 823 1080 quidem
863 981 1032 1058 mnndum
1066 991 1168 1059 staro
1194 1009 1317 1083 posse.

212 1111 292 1186 Nam
310 1121 347 1188 et
375 1111 434 1188 hic
462 1136 542 1188 cnm
571 1112 621 1186 sit
647 1131 722 1184 una
741 1108 922 1206 quaedam
941 1131 986 1182 ac
1019 1112 1219 1186 communis
1244 1114 1317 1190 Dei

211 1238 450 1336 hominumque
469 1225 622 1314 ciuitas:
643 1237 726 1312 Deo
745 1243 917 1332 tanquam
937 1257 1078 1310 summo
1101 1236 1317 1335 imperatori

212 1387 249 1439 ac
277 1364 525 1461 Legumlatori
553 1369 655 1438 certa
683 1362 769 1458 lege
796 1369 914 1460 paret.
945 1359 1070 1452 Quare
1089 1363 1220 1438 summi
1238 1366 1316 1460 qui-

212 1511 270 1587 que
294 1491 359 1566 m'ri
389 1492 485 1566 hanc
513 1492 636 1588 legum
665 1489 867 1564 doctrinam
897 1495 935 1562 et
962 1490 1260 1584 cognoscendam
1278 1501 1316 1568 et

211 1616 525 1713 praestantissimis
561 1614 789 1710 ingeniorum
829 1611 1060 1688 monimentis
1102 1616 1315 1712 posteritati

211 1743 516 1818 commendandam
544 1763 692 1839 semper
720 1739 992 1815 existimavere.
1021 1742 1064 1829 In
1084 1764 1155 1838 quo
1176 1765 1314 1838 genere

210 1867 237 1942 si
253 1889 433 1944 sacrorum
453 1865 645 1942 authorum
657 1863 827 1964 exempla
845 1865 1023 1962 requiris:
1040 1875 1191 1963 praeter
1209 1867 1314 1967 lloy·

210 2017 292 2083 sem,
327 2017 398 2092 quo
436 1992 679 2090 antiquiorem
715 2014 783 2076 nec
819 1989 1075 2088 legislatorem
1102 1991 1214 2068 ullum
1243 2019 1313 2071 uec

209 2120 407 2219 scriptorem
426 2120 604 2196 habemus
617 2146 626 2190 :
638 2107 890 2216 Augustinum'
904 2119 1011 2210 dabo,
1031 2120 1312 2198 Tertullianum,

209 2245 429 2346 Cypriacam,
457 2244 659 2320 Arnobium
679 2251 716 2320 et
734 2243 899 2340 reliquos
918 2267 965 2318 ex
994 2244 1212 2342 antiquitate
1240 2245 1311 2321 Pa·

208 2381 273 2448 tres
290 2379 447 2462 sanctos,
469 2393 561 2469 qnos
581 2371 618 2444 in
637 2371 718 2446 inre
737 2370 840 2444 civili
859 2369 1093 2446 doctissimos
1110 2370 1228 2446 fuisse
1246 2396 1310 2471 pa—

208 2498 271 2574 lam
287 2507 352 2574 est.
372 2494 415 2572 Si
433 2495 679 2594 Philosophus
707 2495 846 2572 habere
864 2495 995 2593 cupis:
1017 2497 1204 2594 proferam
1223 2496 1310 2572 Pla·

207 2633 323 2718 tonem,
352 2625 604 2714 Aristotelem,
633 2621 811 2698 Phalcam
840 2619 1138 2712 Chalcedonium
1167 2625 1308 2724 Hippo-

206 2749 335 2826 damum
353 2749 549 2840 Milesium,
576 2746 747 2826 Solonem
765 2755 803 2824 et
822 2747 1030 2824 Draconem
1050 2747 1309 2842 Athenienses,

206 2875 400 2974 Lycurgum
445 2875 784 2966 Lacedaemonium,
830 2873 1027 2950 Zaleucum
1073 2877 1308 2968 Locrensem,

206 2998 425 3078 Charondam
454 2998 667 3093 Gataneum,
696 2998 904 3077 Philolaum
933 3002 1161 3094 Thebanum,
1191 3003 1308 3078 Pitta-

205 3151 282 3222 cum,
311 3127 624 3212 Androdamanta
655 3133 692 3202 et
719 3125 778 3202 his
797 3128 910 3222 longe
928 3129 1065 3226 plures,
1091 3127 1155 3226 qui
1172 3129 1307 3227 partim

204 3253 263 3352 ipsi
280 3255 466 3332 salutares
493 3253 782 3351 Rebnspu'olicis
800 3253 905 3350 leges
938 3254 1144 3346 condidere,
1171 3257 1307 3352 partim

204 3404 278 3456 vero
296 3380 511 3458 doctissima
530 3380 575 3456 de
594 3380 741 3476 legibus
760 3379 923 3454 ferendis
943 3379 1214 3478 condendisque
1232 3403 1307 3456 mo-

102 3569 104 3582 .
203 3507 348 3583 nimenta
364 3505 559 3604 reliquere.
581 3503 647 3581 Sin
667 3513 788 3581 autem
812 3505 956 3602 Regum
975 3529 1021 3581 ae
1038 3508 1306 3605 Imperatorum

205 3633 451 3710 authoritatem
479 3631 693 3708 desideras:
712 3654 836 3708 eorum
856 3654 945 3708 vero
973 3633 1011 3708 in
1031 3633 1160 3732 primis
1179 3634 1306 3730 ingen-

206 3763 267 3832 tem
285 3781 365 3836 cnm
393 3760 431 3834 in
451 3759 534 3834 aliis
560 3759 698 3855 regnis,
727 3767 802 3834 tum
821 3757 978 3835 maxime
1006 3759 1044 3834 in
1062 3759 1214 3856 imperio
1235 3759 1306 3836 Ro·

202 3907 295 3962 mano
312 3907 501 3962 numerum
519 3906 713 3962 recensere
723 3907 884 3985 possum.
907 3885 958 3961 Hi
976 3887 1084 3972 enim,
1101 3885 1304 3963 Iustiniano

202 4005 420 4110 Coryphaeo,
457 4017 594 4086 tantum
613 4010 650 4086 in
679 4010 878 4087 condendis
906 4012 1054 4110 legibus
1082 4011 1302 4110 praestitere

201 4139 318 4213 celeris
348 4135 567 4230 nationibus,
592 4144 630 4211 ut
649 4138 682 4211 si
706 4139 827 4212 omnia
845 4138 1001 4215 omnium
1020 4139 1182 4234 gentium
1200 4138 1302 4214 insti·

199 4269 266 4338 tnta
281 4265 318 4340 in
332 4285 446 4352 ,unum
465 4265 712 4356 conterantur,
730 4265 879 4340 cumhis
899 4266 1146 4343 Romanorum
1156 4244 1304 4364 legibus

102 4401 103 4416 ³
201 4389 391 4485 prodentia,
420 4391 616 4489 aequitate,
644 4392 818 4490 pondere,
856 4394 1035 4486 ubertate,
1072 4416 1303 4491 nequaquam

201 4516 398 4596 ullomodo
426 4519 674 4613 comparanda
701 4521 905 4598 videantur.
942 4519 1024 4612 Quo
1043 4521 1162 4618 magis
1180 4521 1302 4616 miror,

201 4664 256 4718 cnr
273 4645 386 4722 nostri
414 4645 579 4722 homines
604 4670 677 4725 non
707 4649 823 4726 solum
850 4655 1045 4749 tantopere
1072 4647 1169 4725 hanc
1186 4657 1301 4726 artem
