3625 5534
887 562 938 614 10.
959 561 1060 614 DEOII
1078 559 1228 614 sssovn

829 881 1006 958 CAPVT
1035 879 1290 957 DEOllllVM.

568 1054 625 1125 De
645 1047 885 1122 unledictorio
906 1046 1095 1136 Principis
1114 1043 1164 1115 od
1187 1040 1341 1116 Or’diars
1361 1045 1530 1117 oratione.

594 1238 1602 1340 ProdierattriduoantecumLegatisCaesarisipsemet

488 1397 633 1475 quoque
651 1373 832 1467 Princeps
851 1369 889 1441 in
909 1367 1072 1442 exterius
1087 1365 1281 1454 Palatium,
1300 1366 1364 1440 ubi
1374 1364 1531 1442 Comitia
1548 1369 1603 1442 ha·

487 1504 681 1596 bebantur,
700 1498 835 1598 partim
857 1495 1009 1569 honoris
1028 1515 1153 1583 causa,
1182 1493 1318 1590 partim
1352 1516 1441 1568 vero
1461 1503 1501 1569 ut
1519 1495 1604 1569 iura·

488 1635 610 1703 mento
630 1628 679 1702 ab
698 1627 744 1699 iis
755 1631 908 1723 peracto
921 1619 1124 1697 Ordinibus
1140 1619 1261 1720 Regni
1273 1620 1511 1710 valediceret,
1530 1643 1605 1695 oau-

487 1777 625 1852 sasque
644 1753 703 1828 sui
728 1751 918 1825 discessus
949 1747 1171 1823 ostenderet.
1211 1743 1286 1820 Sed
1314 1747 1459 1844 ingenti
1488 1747 1606 1822 dolore

487 1879 599 1954 animi
626 1875 935 1970 manantibusque
959 1896 1050 1971 prae
1069 1871 1316 1946 sollicitudine
1344 1872 1521 1972 lacrymis
1547 1874 1608 1947 im-

489 2003 646 2103 peditus,
666 2000 860 2100 respondit
878 1999 915 2071 iu
935 1997 1037 2072 aliud
1056 2021 1098 2071 se
1117 2005 1261 2096 tempus
1282 2021 1491 2074 sermonem
1512 2023 1609 2075 suum

491 2133 689 2207 dilaturum
718 2150 813 2202 esse.
843 2125 927 2216 Qua
955 2125 1211 2221 expectatione
1230 2125 1351 2200 triduo
1378 2126 1520 2223 elapso,
1540 2135 1608 2200 tan·

491 2259 574 2333 dem
598 2258 647 2332 X.
676 2253 820 2351 Aprilis
850 2250 996 2350 prodiit,
1025 2257 1063 2325 et
1090 2251 1128 2324 in
1158 2251 1459 2348 frequentissima
1479 2249 1610 2326 Caesa·
1729 2343 1730 2360 χ

493 2405 639 2460 reorum
649 2381 886 2474 Legatorum,
897 2374 1381 2466 Consiliariorum,aliorum
1394 2375 1519 2468 Regni
1529 2376 1611 2452 Pro·

493 2531 616 2584 oerum
635 2483 938 2602 atqueOrdinum
959 2501 1117 2576 omnium
1137 2525 1292 2577 corona:
1315 2503 1546 2594 Meminisse,
1567 2505 1612 2577 iu·

478 2637 573 2733 'quit
592 2633 758 2731 potestis,
788 2653 899 2728 quam
926 2626 1108 2703 benevole
1128 2637 1165 2704 et
1185 2637 1350 2705 amanter
1379 2631 1506 2705 moab
1527 2631 1612 2729 ipsis

493 2782 588 2860 pene
624 2757 762 2832 teneris
798 2754 1006 2858 unguiculis
1046 2763 1197 2853 praeter
1230 2779 1347 2830 meum
1385 2759 1553 2834 meritum
1581 2759 1613 2832 in

494 2885 707 2982 Principem
725 2882 833 2957 vobis
853 2881 1054 2976 elegeritis.
1077 2881 1215 2972 Quoia
1235 2904 1406 2980 supremo
1426 2883 1613 2982 diguitatis

494 3012 659 3110 fastigio,
697 3034 743 3085 ea
771 3030 841 3104 ego
870 3029 1015 3105 quoquc
1044 3006 1117 3081 fide
1144 3017 1317 3084 versatus
1351 3033 1440 3102 sum,
1480 3020 1522 3088 ut
1541 3035 1613 3087 meo
1730 3107 1731 3114 Ν

495 3139 629 3216 iudicio
650 3135 740 3211 nihil
758 3134 843 3208 iude
861 3156 980 3229 usquc
999 3133 1047 3207 ab
1058 3134 1162 3208 initio
1177 3135 1502 3232 praetermiserim,
1524 3137 1615 3237 quod

496 3265 642 3363 quidem
662 3262 710 3337 ad
720 3261 878 3358 gloriam
892 3259 1048 3334 nominis
1059 3259 1196 3352 Divini,
1208 3262 1463 3358 publicamque
1474 3265 1614 3360 patriae

496 3391 651 3464 salutem
678 3389 803 3461 iacere
833 3385 1031 3460 videretur.
1068 3385 1152 3460 Hoc
1178 3408 1267 3460 vero
1295 3410 1366 3483 quo
1395 3389 1615 3464 commodius

494 3515 666 3603 iacerem,
686 3511 863 3606 religioso
882 3535 941 3586 me
959 3512 1162 3586 iuramento
1181 3511 1309 3609 paucis
1330 3523 1414 3587 ante
1435 3516 1545 3590 annis
1574 3513 1615 3589 ad

495 3640 566 3716 hoc
584 3638 777 3729 adstrinxi,
811 3637 909 3735 quod
938 3659 1008 3733 ego
1033 3638 1133 3712 nullo
1153 3661 1313 3735 umquam
1333 3647 1419 3736 post
1437 3639 1510 3715 hoc
1531 3651 1615 3716 tem-

496 3791 597 3867 pore,
617 3766 696 3841 ulla
713 3765 856 3841 ratione
876 3764 1057 3838 Barbaria
1086 3765 1342 3840 confoederari
1374 3767 1495 3840 velim.
1538 3769 1615 3842 Non

496 3916 554 3967 me
574 3892 720 3990 quidem
736 3894 840 3996 latet,
864 3890 999 3964 multas
1027 3911 1111 3964 esse
1135 3899 1172 3966 et
1189 3891 1364 3987 regiones
1388 3900 1425 3967 et
1451 3894 1617 3970 nationes

496 4014 610 4116 (quod
629 4017 774 4116 quidem
793 4039 886 4114 pace
906 4039 1030 4090 earum
1046 4017 1179 4090 dictum
1193 4019 1314 4110 velim,
1335 4020 1514 4094 neminem
1527 4021 1614 4095 eninr

497 4143 709 4217 nominatim
729 4136 966 4240 perstringo),
995 4141 1130 4217 multas
1159 4142 1306 4239 inquam
1335 4167 1419 4218 esse
1440 4146 1615 4222 nationes.

498 4292 593 4367 quae
611 4269 707 4343 inter
726 4268 817 4342 duos
836 4266 1116 4365 potentissimos
1145 4268 1247 4343 orbis
1267 4277 1448 4344 terrarum
1479 4295 1614 4348 monar-

498 4396 589 4470 chas
607 4394 728 4469 media
746 4393 900 4467 consilia
920 4415 1004 4467 esse
1030 4393 1218 4490 sequenda
1238 4405 1423 4489 censeant,
1454 4405 1492 4472 et
1509 4395 1614 4496 perti·

497 4521 641 4595 nauiter
660 4527 834 4595 statuant.
857 4518 909 4594 Aa
927 4521 1113 4596 enimvero
1133 4529 1266 4596 norunt
1285 4545 1421 4614 omnes,
1442 4523 1615 4620 quiPrin-

499 4647 659 4745 cipatum
679 4654 743 4721 aut
761 4655 970 4744 gesserunt,
1000 4657 1062 4722 aut
1088 4671 1175 4722 vero
1204 4656 1348 4744 gerunt,
1377 4657 1416 4724 ct
1440 4673 1511 4745 ego
1542 4651 1615 4746 ipse

498 4771 613 4846 multa
631 4771 703 4845 iam
723 4772 952 4867 experientia
971 4773 1122 4846 edoctus
1141 4776 1282 4870 loquor,
1302 4798 1487 4871 nunquam
1504 4773 1616 4850 media
