3625 5534
465 571 512 620 os
533 573 614 623 uns.
635 571 721 623 ruo.
742 569 825 620 nnc.
845 571 881 622 x.
900 571 935 621 n.
956 569 1004 620 rx.
1240 541 1316 619 221

179 763 342 840 eumque
370 767 394 818 a
422 744 745 821 circumstantibus
775 743 952 820 ministris
972 749 1183 843 porrectum
1202 741 1318 841 capiti

178 866 414 967 imposuerit.
454 869 574 962 Quam
602 871 768 970 pulcrum
798 870 1007 968 exemplum
1037 868 1107 945 erit
1125 867 1174 944 ad
1193 891 1316 944 seram

179 993 455 1090 posteritatem,
472 1019 546 1072 non
567 995 647 1072 dico
667 995 892 1072 exercitibus
902 994 1053 1088 nostris,
1072 995 1138 1071 sed
1157 993 1225 1069 toti
1242 999 1316 1068 ter·

179 1143 310 1196 rarum
330 1121 422 1213 orbi,
442 1123 610 1198 iuvenem
620 1122 831 1222 Principem
850 1132 886 1198 et
897 1123 1010 1198 duces
1019 1123 1220 1221 plerosque
1236 1118 1316 1195 eius

179 1248 219 1321 in
250 1247 441 1344 panopliis
479 1271 570 1323 auro
601 1248 775 1345 ferroque
805 1247 991 1321 distinctis
1019 1245 1129 1322 flexis
1159 1244 1316 1342 genibus

182 1381 287 1446 stare
305 1371 344 1445 in
363 1373 509 1467 castris,
530 1380 568 1447 et
585 1373 837 1471 precationem
856 1389 937 1447 enm
954 1370 1028 1471 piis
1048 1371 1217 1448 omnibns
1233 1393 1317 1446 con·

181 1497 350 1596 iungere,
385 1499 651 1596 authoremque
680 1499 797 1575 omnis
827 1506 957 1575 contra
981 1497 1173 1575 Barbaros
1202 1498 1317 1573 victo-

183 1627 265 1700 riae
285 1625 406 1700 Deum
426 1648 643 1722 agnoscere.
672 1624 756 1700 Hoc
775 1625 918 1700 demum
937 1634 996 1701 est
1013 1648 1160 1701 sacrum
1178 1625 1317 1701 bellum

184 1773 298 1827 sacro
317 1751 425 1826 modo
446 1774 601 1847 gerere3
620 1773 786 1826 nonaum
799 1751 945 1847 ingenti
956 1751 1186 1828 meretricum
1195 1751 1317 1843 turba,

183 1879 239 1954 nti
257 1877 297 1951 in
317 1876 541 1974 quibusdam
560 1877 770 1952 nationibus
790 1877 962 1953 factitare
982 1876 1159 1971 videmus,
1188 1876 1238 1953 ad
1256 1876 1314 1951 de·

184 2003 384 2080 bellandos
395 2006 543 2079 'Furcas
561 2002 776 2103 procedere.
796 2003 1018 2080 Imminebat
1036 2005 1111 2079 iam
1130 2004 1211 2081 dies
1230 2001 1315 2077 divo

185 2129 315 2206 Lucae
334 2153 452 2224 sacer,
477 2153 558 2206 cum
568 2129 739 2224 Barbari,
757 2129 890 2228 partim
902 2129 1071 2206 incendio
1082 2130 1213 2223 coacti,
1231 2152 1316 2228 par·

182 2257 251 2330 tim
269 2254 424 2332 instanti
441 2256 613 2355 periculo
633 2256 732 2348 moti,
761 2278 954 2354 erumpere
981 2262 1200 2333 statuerunt.
1238 2255 1311 2330 Ita·

185 2404 258 2478 que
277 2383 419 2479 apertis
438 2404 484 2480 ps
492 2380 709 2480 endothyris
729 2387 767 2455 et
782 2381 905 2456 caecis
915 2380 1069 2472 foribus,
1089 2403 1182 2478 quas
1201 2379 1315 2455 conti-

185 2529 261 2582 nua
280 2507 441 2604 quadarn
461 2507 701 2582 munitionum
721 2505 820 2582 serie
840 2507 1071 2599 obtexerant,
1092 2529 1165 2603 qua
1183 2504 1314 2605 portis,

186 2655 263 2731 qno
280 2633 430 2709 funibus
449 2631 621 2708 demissis
640 2655 708 2729 per
737 2653 861 2705 muros
881 2631 1098 2727 agminatim
1123 2638 1316 2729 erumpunt

187 2782 235 2834 ex
255 2759 405 2859 oppido,
436 2767 473 2834 et
504 2782 578 2834 non
597 2780 733 2853 magna
752 2756 892 2833 nostris
913 2755 1020 2831 illata
1039 2763 1168 2854 strage
1186 2758 1317 2856 paucis

185 2887 279 2982 fuga
297 2886 345 2960 ao
364 2907 452 2961 suos
472 2883 638 2983 delapsis
658 2905 784 2958 omnes
803 2881 975 2959 trucidati
994 2889 1089 2957 sunt.
1119 2880 1271 2958 Periere
1292 2906 1312 2959 e

188 3012 329 3087 nostris
356 3011 467 3110 pauci
492 3011 591 3108 iique
620 3007 758 3101 Siculi,
795 3008 980 3085 vulnerati
1018 3003 1176 3106 plurimi,
1220 3009 1317 3084 inter

190 3161 284 3235 quos
303 3139 372 3213 init
400 3145 437 3212 et
456 3137 619 3212 Michacl
649 3135 822 3235 Kiipeezi
852 3133 1008 3231 egregia
1037 3133 1146 3207 animi
1174 3141 1211 3209 et
1238 3158 1314 3211 cor·
1397 3150 1405 3174 ¹

187 3265 291 3361 poris
309 3263 523 3338 fortitudine
550 3260 752 3360 praeditus.
788 3261 921 3336 Nostri
948 3260 1070 3335 caesis
1089 3260 1237 3336 circiter
1256 3283 1315 3336 oc·

195 3389 376 3486 tingentis
395 3389 658 3482 Barbarorum,
701 3387 837 3486 oppido
874 3386 982 3486 potiti
1001 3385 1066 3460 Ali
1082 3387 1242 3463 Bassam
1280 3394 1318 3466 et

189 3517 425 3608 Memhetum
453 3515 516 3614 qui
544 3539 586 3592 se
613 3515 651 3589 in
671 3537 758 3590 arce
778 3514 1057 3606 constituerant,
1084 3515 1192 3591 vivos
1220 3538 1316 3591 corn·

188 3641 474 3743 prehenderunt.
521 3640 664 3740 Captus
700 3648 759 3716 est
795 3641 919 3716 Bassa
953 3665 978 3715 a
1004 3641 1129 3739 pedite
1156 3640 1316 3739 quodam

189 3767 370 3867 Vngarioi
389 3767 546 3845 nominis
566 3769 628 3864 qui
648 3789 730 3842 curn
749 3765 1092 3865 praesentissimam
1112 3766 1262 3842 caedem
1281 3767 1317 3841 ei

188 3897 399 3988 intentaret,
428 3895 549 3970 Bassa
569 3893 734 3991 periculo
755 3892 889 3991 capitis
919 3892 1083 3983 territus,
1121 3891 1246 3967 Alium
1273 3915 1316 3968 se

190 4025 348 4100 Bassam
367 4043 461 4100 esse.
481 4021 665 4120 promissa
680 4018 886 4116 ingentifsi
905 4026 1128 4111 servaretur,
1147 4016 1316 4117 pecunia,

189 4158 229 4228 ut
244 4147 365 4249 potuit
384 4145 631 4244 significarat;
653 4144 820 4248 pepercit
846 4144 880 4219 ei
899 4143 1017 4238 miles,
1037 4151 1074 4218 et
1088 4141 1315 4222 DOcirciter

190 4277 313 4352 aureis
333 4273 527 4350 confestim
554 4273 750 4371 privatum,
778 4271 1010 4369 vinctumque
1038 4269 1086 4345 ad
1104 4269 1315 4372 Principem

193 4425 328 4498 magna
347 4425 426 4476 cum
438 4398 582 4476 laetitia
592 4399 754 4474 deduxit.
774 4398 945 4494 Rogatus
965 4395 1169 4497 aPrinoipe
1179 4397 1315 4494 Bassa,

191 4527 276 4626 qnid
296 4526 342 4601 de
361 4523 674 4624 Transylvanicis
703 4522 819 4622 copiis
838 4520 1039 4616 iudicaret,
1068 4522 1212 4600 sincere
1230 4548 1315 4623 prn-

191 4655 390 4750 denterque
409 4649 613 4750 respondit,
643 4673 717 4727 non
745 4670 903 4744 magnas
932 4671 999 4723 eas
1027 4647 1094 4722 sed
1117 4649 1317 4727 selectissi·
1366 4687 1369 4692 ·

191 4802 271 4856 mas
289 4779 360 4854 sibi
389 4778 747 4874 robustissimasque
778 4773 908 4868 videri,
944 4773 1107 4850 Proinde
1132 4799 1203 4852 non
1228 4800 1314 4856 esse
