3625 5534
481 536 539 590 ur.
558 536 640 590 nnn.
662 535 744 590 nuc.
763 535 845 590 nno.
865 535 899 588 x.
920 538 953 590 u.
976 536 1025 590 rn.
1258 515 1310 596 45

213 723 244 789 ct
259 713 357 790 motis
375 721 460 812 post
480 687 626 789 biduum
655 714 801 808 castris,
821 713 953 810 plenus
970 713 1041 788 iam
1061 713 1147 788 boni
1166 717 1309 811 ominis,

212 841 331 916 nullam
348 840 421 915 sibi
439 841 621 939 tantisper
640 840 796 937 quietcm
817 841 1018 934 concessit,
1038 840 1162 916 donec
1170 843 1307 918 famam

211 967 374 1044 macutus
383 968 441 1044 sni
451 965 645 1043 celeritate
662 966 918 1064 praeveniens,
929 965 977 1040 ad
986 965 1191 1043 condictum
1202 968 1308 1064 diem,
1408 980 1411 988 ’

212 1095 264 1192 qni
287 1103 437 1192 quartus
456 1091 685 1191 Septembris
713 1091 800 1184 tuit,
829 1091 1055 1190 Belgradum
1084 1094 1306 1193 perveniret.

211 1219 258 1294 Eo
274 1221 401 1296 iterum
419 1218 663 1296 aBellerbeio
684 1217 756 1294 dno
776 1215 948 1294 cucullati
968 1218 1194 1316 sacerdotes,
1215 1242 1307 1320 quos

210 1347 390 1422 monachos
404 1367 589 1436 vocamus,
608 1339 718 1419 Siscii
736 1343 846 1443 capti,
865 1343 969 1419 missi
988 1343 1035 1420 ad
1053 1368 1134 1422 eum
1151 1346 1309 1440 fuerunt,

211 1481 243 1547 ct
258 1473 322 1550 duo
348 1473 434 1550 item
462 1468 639 1547 Germani
667 1469 835 1546 nBassa
854 1470 1038 1564 Budensi,
1068 1495 1160 1568 quos
1183 1472 1309 1549 Archi-

212 1597 273 1674 om
299 1598 475 1676 Matthias
494 1620 576 1673 cum
594 1595 713 1671 literis
736 1595 784 1672 ad
803 1618 884 1671 eum
903 1595 1065 1690 miserat,
1085 1606 1124 1674 ut
1134 1597 1179 1674 de
1198 1599 1308 1675 ratio·

211 1726 304 1802 nibus
321 1723 565 1802 constituendi
584 1743 712 1798 rursus
731 1707 893 1800 foederis
923 1747 969 1798 ex
998 1746 1116 1822 aequo
1140 1727 1308 1825 bonoque

211 1875 279 1927 cum
295 1874 336 1928 eo
354 1861 495 1950 ageret.

301 1978 380 2055 Hos
406 1977 588 2078 principio
615 1978 763 2055 blandis
782 1978 909 2055 verbis
928 1976 1123 2070 allocutus,
1152 1985 1191 2053 ut
1211 1979 1308 2054 scire

212 2104 252 2180 ab
268 2106 561 2198 ciscommodins,
578 2103 807 2204 quaevellet,
821 2112 959 2203 posset,
969 2111 1163 2203 postquam
1179 2112 1307 2204 aperte

211 2231 384 2312 confessos
402 2233 560 2324 audivit,
587 2232 812 2331 inopinatum
838 2230 1035 2306 adventum
1055 2229 1212 2306 suumin
1232 2226 1308 2304 Vn·

211 2360 304 2454 garis
320 2361 409 2447 fore,
428 2359 558 2437 deduci
577 2359 626 2434 ad
645 2360 825 2456 Legatum
843 2358 1023 2456 priorem,
1052 2378 1159 2452 quem
1177 2356 1251 2431 iam
1269 2355 1307 2430 in

212 2507 317 2562 arccm
344 2487 515 2574 miserat,
543 2485 743 2583 eodemque
771 2506 852 2559 cum
886 2505 930 2560 eo
950 2505 1099 2558 carcerc
1127 2503 1191 2558 eos
1221 2503 1307 2579 quo·

211 2631 270 2703 que
286 2612 387 2688 condi
404 2611 523 2687 iussit.

644 2712 850 2720 ——-—-——-

503 2895 677 2976 OAPVT
705 2895 986 2974 SEPTIMVM.

336 3061 436 3156 Quid
454 3061 620 3140 Sicanos
639 3063 823 3164 Betpuudo
842 3065 1020 3162 digressus
1038 3063 1158 3160 operit.

300 3226 497 3326 Postquam
516 3229 630 3328 igitur
653 3227 877 3326 Belgradnm
897 3225 1058 3325 appulit,
1087 3243 1305 3324 quamquam

210 3370 249 3422 ea
264 3345 412 3429 Caesari
422 3355 605 3430 sententia
623 3362 733 3430 antea
745 3355 889 3446 fuisset,
909 3359 949 3426 ut
968 3351 1049 3450 ipsc
1068 3348 1203 3425 ibidem
1222 3349 1319 3424 sub:
1357 3441 1361 3452 ι

211 3472 347 3571 umbus,
373 3480 499 3579 siquid
516 3480 699 3577 agendum
717 3503 784 3579 per
801 3479 874 3554 hoc
901 3477 988 3554 anni
1006 3484 1150 3574 tempus
1178 3482 1306 3550 contra

210 3597 320 3680 bostcs
335 3605 537 3701 iudicaret,
561 3607 600 3683 id
616 3632 684 3707 per
701 3608 912 3707 praefectos
932 3605 1118 3704 copiarum
1138 3600 1305 3678 effectum

211 3727 382 3825 redderet,
402 3756 444 3809 se
463 3733 582 3832 ipsum
602 3733 640 3808 in
658 3733 859 3834 proximum
886 3752 1019 3807 annum
1037 3728 1086 3805 ad
1104 3725 1304 3824 gerendum

210 3858 340 3934 unna
357 3857 501 3935 viribus
518 3857 655 3934 bellum
686 3864 912 3949 reservaret,
932 3864 1055 3930 tamen
1074 3875 1154 3927 cum
1172 3852 1304 3926 literae
1409 3933 1413 3944 ,

209 3971 365 4060 Caesaris
382 3987 607 4061 subsecutae
625 3992 765 4060 mutare
789 4005 871 4058 eum
890 3979 1080 4057 consilium
1099 3976 1304 4062 iussissent,

209 4113 288 4181 etot
311 4113 506 4189 occasione
529 4135 619 4188 usus
651 4111 853 4210 imparatos
880 4108 1009 4183 hostes
1042 4102 1304 4203 quamprimum

211 4245 472 4342 aggrederetur,
490 4241 755 4339 imperassent,
774 4237 821 4312 .id
838 4260 882 4313 eo
906 4233 1072 4333 cupidius
1089 4234 1214 4308 facere
1232 4237 1305 4306 sta·

209 4369 273 4458 tuit,
291 4372 388 4469 quod
405 4366 505 4468 apud
522 4366 660 4460 hostes,
674 4374 860 4463 tamquam
878 4362 1118 4438 incultissima
1135 4381 1238 4459 pace,
1248 4379 1305 4432 re·

208 4493 303 4572 missa
328 4495 450 4576 omnia
476 4493 567 4594 belli
595 4492 718 4570 studia
744 4490 978 4585 intelligeret.
1008 4489 1068 4564 Ita
1087 4483 1236 4584 scriptis
1255 4482 1304 4558 nd

209 4615 458 4718 Bcgterbegum
479 4619 617 4710 literis,
646 4624 685 4693 ut
704 4617 750 4691 ad
770 4639 811 4690 se
831 4637 983 4705 omnem,
1012 4634 1117 4708 quem
1137 4609 1301 4701 haberet,

210 4749 387 4824 exercitum
407 4747 588 4823 adducere
607 4752 825 4833 maturaret,
851 4743 986 4816 beilum
1005 4762 1077 4814 uua
1097 4759 1218 4814 secum
1238 4737 1301 4810 im-
