3625 5534
507 504 583 582 178
911 528 959 580 no.
978 527 1080 577 onon
1099 528 1248 578 nonovm

506 701 575 774 bus
595 701 869 776 adventantium
890 703 1108 791 Turcarum,
1130 708 1167 774 et
1184 700 1301 775 variis
1320 702 1410 776 belli
1424 700 1627 799 apparendi

505 828 603 901 euris
623 827 789 926 impediti
807 801 921 902 lucie.

609 952 770 1028 Proinde
788 975 834 1027 ne
862 960 900 1027 ct
936 951 1037 1028 inani
1075 959 1222 1050 sumptu
1247 953 1433 1026 aerarium
1460 950 1627 1026 exhauri·

502 1087 615 1172 retur,
636 1088 673 1155 et
691 1077 961 1176 superfluorum
978 1077 1147 1153 ludorum
1166 1101 1256 1152 eura
1290 1086 1434 1175 tempus
1453 1077 1507 1152 rei
1536 1077 1627 1152 bene

501 1206 688 1301 gerendae
734 1204 925 1292 efflueret,
975 1202 1116 1301 placuit
1161 1210 1304 1277 mature
1349 1203 1459 1277 finem
1491 1202 1626 1299 nuptiis

499 1330 647 1428 imponi.
669 1329 730 1403 Ita
749 1329 918 1424 sequenti
939 1325 1073 1402 Martis
1094 1325 1153 1402 die
1172 1326 1364 1402 innumera
1391 1352 1438 1403 ex
1466 1327 1622 1423 singulis

504 1455 651 1553 oppidis
671 1461 709 1528 et
728 1454 952 1545 civitatibus,
972 1454 1059 1544 item
1070 1451 1323 1550 Optimatibus
1342 1477 1388 1528 ac
1402 1453 1624 1528 Proceribus

505 1578 742 1677 Sigismnndo
770 1578 934 1677 Principi
961 1578 1179 1676 Mariosque
1208 1577 1467 1654 Christiernae
1497 1579 1623 1655 oblata

505 1713 590 1779 sunt
608 1727 770 1779 munera.
783 1702 881 1795 Quin
900 1704 1012 1779 etiam
1023 1729 1047 1780 a
1058 1705 1194 1780 ceteris
1205 1702 1443 1780 Christianae
1453 1702 1623 1802 reipubli-

502 1853 569 1906 eae
587 1828 835 1927 potestatibus
855 1829 1020 1927 pretiosa
1045 1837 1130 1904 sunt
1148 1831 1264 1905 missa
1293 1830 1459 1921 donaria,
1493 1829 1624 1926 quibus

505 1953 690 2053 Principis
711 1953 894 2028 aerarium
912 1977 959 2028 ne
979 1955 1115 2052 exigna
1134 1955 1279 2052 quidem
1310 1956 1368 2028 sui
1394 1963 1503 2052 parte
1531 1977 1624 2029 oom-

501 2081 640 2180 pletum
660 2087 727 2154 est.
757 2078 800 2154 In
819 2079 866 2154 iis
885 2080 1027 2178 primas
1045 2090 1197 2156 tenuere
1206 2080 1379 2158 Pontifex
1397 2081 1480 2178 ipse
1489 2080 1624 2156 Roma-

500 2230 580 2300 nus,
601 2207 662 2302 qui
677 2206 839 2302 aliquam
854 2206 1094 2303 reliquiarum
1105 2206 1466 2283 divaeElisabethae
1475 2215 1624 2282 nostra·

499 2333 549 2406 tis
577 2340 720 2430 partem
749 2354 816 2429 pro
835 2348 995 2407 *munere
1023 2332 1172 2409 misisse
1198 2333 1326 2408 fertur.
1356 2331 1418 2406 Ad
1442 2333 1537 2408 haec
1555 2333 1623 2404 lm·

501 2466 652 2556 perator
675 2457 758 2554 ipso
778 2456 1038 2550 Romanorum,
1058 2466 1097 2532 et
1115 2458 1306 2551 Matthias,
1336 2457 1622 2533 Maximilianus·

504 2605 575 2678 qne
595 2579 836 2677 Archiduces,
857 2583 1084 2659 Franciscus
1112 2585 1201 2660 item
1225 2585 1336 2660 Dobo
1365 2592 1403 2659 et
1421 2583 1624 2682 complures

503 2707 569 2782 alii
586 2705 769 2782 Prooeres
788 2709 982 2805 Vngariae
1002 2709 1378 2809 Transylvaniacque
1397 2732 1492 2785 vasa
1503 2731 1623 2796 aurea,

501 2839 764 2928 argenteaque,
794 2840 832 2906 et
850 2840 1057 2929 gemmatas
1085 2857 1214 2910 eruces
1242 2834 1358 2908 variis
1381 2834 1622 2932 pretiosorum

499 2956 662 3055 lapidum
682 2958 908 3033 ornamentis
928 2958 1125 3036 decoratas
1144 2960 1289 3035 misere.
1310 2957 1387 3035 Sed
1405 2959 1495 3033 vicit
1514 2956 1622 3032 omni.

499 3107 559 3158 um
578 3081 888 3176 magnificentiam
908 3084 1091 3159 Matthiae
1111 3083 1333 3160 Archiducis
1351 3083 1553 3176 donarium,
1571 3088 1623 3156 tot

502 3206 738 3284 carbunculis
758 3215 796 3281 et
814 3207 1085 3301 adamantibus,
1106 3209 1280 3307 saphiris,
1309 3209 1532 3306 smaragdis,
1568 3229 1623 3280 ce·

504 3333 668 3427 terisque
688 3353 913 3426 gemmarum
931 3333 1132 3430 generibus
1151 3333 1386 3424 illustratum,
1414 3341 1455 3408 ut
1480 3355 1505 3406 a
1531 3329 1622 3430 peri·

502 3458 552 3532 tis
574 3455 653 3530 eius
672 3454 728 3528 rei
747 3455 952 3532 artificibus
964 3481 1010 3532 ne
1019 3457 1150 3556 paucis
1161 3459 1306 3555 quidem
1316 3480 1511 3534 aureorum
1520 3455 1621 3530 milli·

504 3582 575 3658 bus
594 3578 687 3658 illud
706 3581 940 3658 aestimatum
960 3583 1081 3660 fuerit

837 3977 1012 4055 CAPVT
1042 3977 1296 4071 QVINTVM.

501 4159 559 4232 De
590 4157 694 4234 clude
716 4159 911 4233 liberorum
923 4161 1092 4256 peditum
1114 4157 1443 4256 Transalpioorom
1463 4159 1593 4232 lat-mm

902 4295 1216 4384 cotmpressoram.

611 4463 821 4560 Antequam
832 4460 982 4562 Sponsa
999 4463 1038 4537 in
1058 4463 1376 4562 Transylvaniam
1393 4460 1553 4537 adducta
1569 4459 1619 4532 fo·

505 4594 582 4680 ret,
602 4587 713 4663 liberi
730 4587 886 4687 pedites,
906 4589 969 4684 qui
988 4589 1058 4664 sub
1078 4589 1254 4688 auspiciis
1275 4585 1505 4684 Sigismundi
1520 4583 1619 4658 Prin-

501 4711 594 4809 cipis
613 4714 816 4806 merebant,
836 4721 873 4788 ct
901 4714 995 4790 fines
1022 4714 1295 4811 provinciarum
1323 4720 1454 4790 contra
1480 4710 1620 4788 subitas
