3625 5534
503 473 579 550 176
909 497 957 545 ιο.
975 495 1076 546 osen
1100 495 1248 546 annovu

504 683 632 748 tervae
661 675 788 748 urbem
815 673 985 746 invectae
1006 671 1160 746 densato
1180 671 1307 745 ordine
1330 671 1482 746 honoris
1499 674 1622 767 gratia

502 799 763 890 constitissent,
791 797 938 873 tandem
959 794 1141 895 Sponsam
1172 821 1253 874 cum
1272 807 1389 874 matre
1408 805 1539 874 aurato
1557 797 1621 872 illo

503 933 678 1025 carpento
696 925 878 1000 invectam
906 932 1047 999 tantum
1070 924 1237 1000 laetitiae
1262 925 1366 999 iuxta
1394 947 1439 999 ac
1466 925 1622 999 munira-

501 1053 612 1129 tionis
631 1051 944 1128 circumstautium
963 1073 1123 1126 coronae
1142 1050 1363 1142 conciliavit,
1391 1058 1432 1126 ut
1457 1074 1532 1127 non
1551 1050 1621 1124 nisi

501 1180 630 1256 habitu
649 1180 842 1270 Venerem,
863 1178 1024 1253 Dianam
1042 1177 1233 1276 pudicitia,
1251 1189 1289 1253 et
1297 1178 1446 1274 loquela
1463 1179 1619 1276 pruden-

501 1308 625 1403 tiaque
644 1304 847 1397 Palladem,
859 1327 905 1380 ex
924 1303 1021 1378 omni
1040 1311 1147 1401 parte
1166 1304 1307 1378 referre
1319 1302 1619 1380 videretur.Cum

501 1435 659 1509 adfores
678 1432 781 1508 aedis
801 1431 952 1507 maioris
972 1431 1057 1504 divo
1077 1430 1253 1505 Michaeli
1282 1429 1522 1528 archangelo
1541 1454 1619 1506 sac

501 1583 565 1635 rae
591 1560 859 1658 pervenissent,
878 1555 1025 1656 Sponsa
1048 1581 1128 1632 cum
1157 1556 1315 1655 Sponso,
1344 1565 1547 1654 matreque,
1577 1581 1620 1632 ac

499 1684 707 1784 praecipuis
745 1683 951 1781 quibusque
987 1683 1212 1758 Proceribus
1248 1685 1421 1780 templum
1457 1682 1619 1778 ingredi-

499 1819 617 1887 untur.
638 1810 694 1886 lbi
724 1809 834 1885 altari
869 1810 1069 1885 asistentes
1096 1810 1242 1905 gratias
1272 1811 1354 1887 Deo
1382 1819 1439 1884 ter
1466 1807 1618 1908 Optimo

497 1935 660 2012 Maximo
687 1958 754 2035 pro
780 1935 937 2011 feliciter
973 1938 1160 2012 exantlato
1197 1937 1329 2011 itinere
1366 1937 1453 2011 totis
1493 1943 1616 2034 pecto·

498 2062 601 2139 ribus
633 2069 764 2159 agunt,
802 2069 840 2136 et
877 2071 918 2138 nt
952 2062 1064 2150 felix,
1100 2063 1321 2159 faustusque
1357 2061 1456 2137 foret
1492 2083 1616 2137 corum

498 2186 688 2284 adventus,
724 2186 939 2262 ardentibus
981 2187 1078 2262 votis
1124 2188 1245 2264 Deum
1283 2193 1490 2286 precantur.
1530 2188 1617 2262 bion

499 2314 748 2392 communibus
768 2313 926 2388 omnium
944 2312 1053 2403 votis,
1088 2336 1133 2388 ac
1169 2313 1302 2388 faustis
1340 2310 1523 2386 ominibus
1561 2335 1617 2386 ac

498 2440 689 2532 cumulati,
721 2441 878 2538 pedibus
912 2439 1046 2516 Aulam
1087 2439 1364 2536 ingrediuntur,
1401 2462 1482 2514 cum
1529 2438 1616 2515 Pro·

496 2591 602 2643 ceres
640 2591 765 2642 omnes
803 2575 913 2664 atque
948 2565 1144 2666 pontifices
1182 2566 1390 2665 Principem
1417 2566 1615 2665 praecede-

497 2701 589 2789 rent,
609 2691 755 2791 Sponsa
773 2715 861 2767 vero
881 2715 962 2768 cum
981 2701 1099 2768 matre
1127 2715 1172 2767 ac
1207 2699 1331 2768 cetero
1369 2700 1614 2768 matronarum

497 2820 782 2915 ancillarumque
820 2819 966 2914 agmine
1003 2819 1173 2895 maritum
1204 2819 1242 2894 in
1268 2820 1389 2895 medio
1416 2819 1615 2918 proceden-

495 2956 568 3023 tem
587 2946 794 3022 verecunde
821 2946 1121 3043 subsequeretur.
1141 2944 1275 3023 Actum
1293 2948 1364 3024 hoc
1395 2947 1465 3021 fuit
1495 2949 1525 3022 Ι.
1556 2945 1613 3019 die

497 3072 667 3170 Augusti.

950 3281 1147 3294 —————

817 3497 993 3577 CAPV'I'
1023 3499 1292 3592 QVARTVM.

501 3666 558 3741 De
577 3666 719 3762 criptiis
746 3663 971 3764 S'r'pt'cmccdi
998 3665 1188 3762 Principis
1214 3689 1294 3738 cam
1323 3663 1449 3738 Mutia
1469 3661 1615 3742 Odessu-

908 3814 998 3864 erac
1016 3789 1212 3864 celebratis.

604 3953 772 4052 Ingressi
783 3952 978 4048 Palatium,
988 3977 1081 4048 eum,
1091 3961 1377 4052 sequentemque
1402 3952 1499 4031 diem
1519 3957 1614 4056 capi-

496 4084 612 4160 endae
633 4083 766 4181 quietis
786 4082 910 4180 gratia
928 4083 1084 4158 seorsim
1112 4091 1341 4179 transegere.
1369 4081 1500 4159 'l'ertio
1530 4093 1613 4184 post

496 4210 555 4287 die
574 4210 785 4310 Stephanus
805 4210 1026 4302 Boczkaius5
1046 4209 1156 4306 quiet
1174 4209 1394 4305 cognatione
1413 4208 1610 4308 Principis.

496 4344 533 4413 et
559 4335 758 4436 legationis
785 4336 954 4436 primatu.
979 4344 1017 4412 et
1035 4335 1109 4411 fide
1125 4335 1164 4411 in
1182 4335 1392 4434 Principem
1420 4333 1611 4433 singulari,

496 4464 692 4561 multisque
715 4463 763 4538 ab
791 4462 891 4538 initis
910 4462 1085 4562 perieulis
1105 4462 1199 4538 satis
1218 4485 1401 4559 superque
1429 4463 1610 4559 cognitus,

495 4587 565 4665 hoc
591 4591 716 4667 lacere
744 4589 823 4665 iure
852 4589 1065 4682 videbatur,
1094 4596 1134 4661 ut
1162 4611 1266 4663 suam
1295 4588 1333 4662 in
1361 4588 1431 4664 hac
1461 4589 1610 4686 publica

495 4715 651 4792 omnium
671 4716 813 4792 laetitia
833 4716 1062 4792 allectionem
1082 4717 1299 4808 declararet,
1327 4716 1610 4812 magnificentis-
