3625 5534
498 456 548 505 nn
565 454 646 506 nnn.
666 453 751 506 vrrs.
778 453 861 504 unc.
876 451 918 506 x,
936 453 970 503 n.
993 454 1040 504 ru.
1069 469 1076 480 ·
1288 431 1334 508 71

219 629 397 704 exereitus
419 626 707 728 Transylvaniei
727 629 926 718 referebat,
957 628 1089 723 quibus
1110 627 1173 702 ille
1196 628 1344 706 damna

220 754 277 841 tis,
295 753 440 853 eulpam
459 775 602 827 omnem
611 753 650 826 in
668 751 706 826 id
725 753 845 827 solum
865 752 1091 830 conferebat.
1112 755 1210 848 quod
1230 754 1343 830 desti-

220 885 315 952 tutus
335 879 679 976 Transylvanorum
700 878 860 970 auxiliis,
888 877 1018 954 hostes
1047 878 1215 973 aggredi,
1242 901 1346 954 oooa-

220 1003 388 1100 sioneque
406 1004 459 1078 uti
479 1025 551 1077 non
570 1003 764 1101 potuisset,
784 1001 920 1079 additis
940 1000 1059 1092 minis,
1080 1002 1159 1077 eius
1180 1002 1345 1080 reihand

218 1129 459 1204 immemorem
478 1151 521 1204 se
539 1130 715 1204 futurum.

694 1391 872 1406 ——u-

536 1699 713 1778 OAPVT
744 1700 1015 1794 QVARTvm,

334 1918 389 1990 De
406 1915 721 1990 sollicitationibus
749 1915 888 1989 Basrne
912 1916 1226 1997 Temesooriouir.

324 2149 463 2224 Eodem
500 2158 666 2247 tempore
690 2147 902 2247 Stephanus
941 2172 1085 2248 quoque
1114 2151 1339 2244 Batherens,

225 2277 401 2374 copiarum
423 2275 803 2372 Transylvanicarum
823 2274 1051 2368 Praefectus,
1071 2282 1109 2349 et
1128 2276 1173 2349 de
1194 2277 1340 2351 ratione

224 2402 275 2476 sui
292 2402 440 2490 itineris,
462 2409 500 2475 et
518 2423 611 2497 quas
631 2392 753 2475 seeum
767 2401 867 2475 vires
888 2400 1053 2493 haberet,
1073 2409 1147 2474 tum
1160 2401 1340 2499 quidfieri

225 2529 269 2601 ab
286 2549 326 2602 eo
343 2535 503 2625 cuperet.
535 2527 641 2602 simul
672 2534 784 2623 atque
803 2525 1033 2601 Varadinum
1063 2527 1264 2623 attigisset,
1287 2523 1340 2624 (ut
1443 2567 1447 2572 ·

225 2653 442 2751 intempore,
482 2653 660 2749 quomodo
680 2651 897 2727 tractandus
918 2658 955 2724 et
972 2652 1208 2748 imposterum
1230 2659 1341 2738 esset,

227 2781 397 2875 cognitum
416 2780 604 2870 haberet)
624 2802 691 2877 per
711 2778 894 2852 hominem
913 2799 1029 2870 suum,
1051 2785 1088 2852 et
1112 2777 1241 2852 literas
1263 2777 1339 2871 sig·
1403 2811 1407 2820 Α

226 2904 442 2999 niioaverat3
461 2927 587 2979 verum
606 2904 645 2977 id
663 2905 774 2978 etiam
793 2925 867 2977 non
885 2925 994 2978 secus
1014 2905 1062 2977 ab
1082 2925 1125 2977 eo
1146 2909 1340 3000 acceptum

228 3038 287 3122 est,
303 3037 411 3128 atque
430 3037 549 3121 antea,
570 3027 787 3104 ooniieiente
799 3029 981 3118 Barbare,
1001 3027 1084 3102 ideo
1104 3026 1342 3103 tantumfierio

226 3155 309 3229 utin
326 3154 487 3253 speeiem
506 3153 651 3251 prolixe
671 3152 794 3226 omnia
809 3153 996 3250 praestari
1025 3176 1048 3227 a
1076 3151 1213 3226 nostris
1240 3149 1339 3226 vide-

227 3290 348 3372 rentur,
366 3280 435 3355 sed
448 3280 597 3354 interim
615 3287 739 3353 tamen
760 3277 1203 3374 missitaudo,verbisque
1214 3299 1339 3353 seeum

225 3406 437 3498 oolludendo,
459 3406 577 3481 omnis
596 3404 687 3479 belli
705 3403 861 3500 gerendi
880 3403 1027 3477 occasio
1039 3404 1258 3478 elaberetur.
1271 3403 1339 3476 llli·

223 3531 266 3606 sit
281 3541 401 3608 antem
420 3531 467 3604 ad
486 3529 695 3626 Prineipem
714 3529 845 3604 iisdem
855 3529 997 3604 ‘diebus
1018 3530 1226 3626 eomplnres
1246 3549 1338 3603 nun·

222 3657 301 3750 eios,
336 3666 412 3734 tum
432 3681 480 3732 ex
498 3656 563 3747 iis,
604 3676 696 3753 quos
715 3652 900 3730 Chansios
920 3662 1071 3749 vocant,
1099 3663 1174 3728 tum
1199 3677 1245 3728 ex
1264 3654 1338 3728 alio

220 3783 356 3876 ordine,
392 3782 528 3880 quibus
566 3779 794 3869 confidebat,
835 3777 993 3875 denique
1032 3803 1077 3854 ex
1112 3775 1337 3852 Christianis

220 3909 331 4002 etiam,
359 3907 519 3984 subditis
549 3928 685 3998 eornm,
705 3905 867 3980 nationis
896 3912 1048 3980 nostrae
1075 3902 1269 3992 hominem,
1298 3910 1336 3977 et

219 4034 426 4131 speculandi
445 4054 583 4123 eausa,
612 4038 650 4106 et
669 4030 802 4123 animo,
824 4029 913 4128 qnid
935 4030 980 4104 de
1008 4029 1080 4104 hae
1099 4025 1335 4125 expeditione

221 4159 465 4259 Transylvani
493 4158 730 4236 constitutum
757 4156 951 4248 haberent,
980 4152 1237 4252 eognoscendi.
1277 4153 1336 4226 In·

220 4287 365 4360 toralia
391 4286 561 4361 vincente
588 4284 662 4358 iam
690 4285 840 4358 fervore
869 4282 948 4357 eius
977 4280 1145 4370 animum,
1176 4301 1257 4352 oum
1275 4277 1332 4351 le·

222 4407 314 4486 viora
331 4434 404 4487 non
422 4411 655 4510 profluerent.
684 4431 797 4484 ansus
825 4408 894 4482 tuit
920 4407 973 4481 ita
1000 4412 1176 4480 exaratas
1205 4403 1335 4479 literas

224 4533 364 4623 mittere,
381 4545 421 4612 nt
448 4537 520 4612 nisi
548 4537 595 4611 ad
623 4536 719 4610 diem
748 4533 980 4609 Dominioum
1009 4531 1224 4629 proximum,
1254 4549 1335 4601 enm

224 4659 329 4737 triduo
347 4669 432 4737 ante
451 4662 531 4740 eius
550 4661 683 4738 literae
694 4658 860 4766 Prinoipi
879 4656 1132 4747 redderentur,
1156 4650 1334 4730 Kalloum
