3625 5534
473 492 522 542 nn
540 491 621 541 nnn.
642 489 726 542 vno.
747 491 829 541 nno.
850 491 885 540 u.
908 492 939 541 u.
961 491 997 540 11.
1244 465 1293 542 31

197 668 310 745 hadom
326 670 406 744 lere
435 667 565 744 diebus
593 664 913 764 Constantinopoli
931 688 1124 758 reversus,
1152 666 1295 764 reipsa

197 794 441 895 comprobavit.
469 793 542 869 Hic
559 793 655 868 enim
674 816 754 868 cum
781 790 896 866 multa
920 793 1081 867 adversa
1099 793 1137 865 in
1164 792 1294 867 itinere

195 942 313 1020 passus
331 927 444 1012 esset,
462 928 538 995 tam
556 946 580 994 a
597 920 802 996 viatoribus
822 919 969 1012 Turcis,
989 918 1051 1017 qui
1067 918 1148 993 vias
1168 939 1294 994 omnes

196 1047 334 1124 infestas
350 1047 597 1140 reddiderant,
617 1071 728 1146 qnam
745 1047 1002 1146 acnstodibus
1021 1053 1149 1144 portus
1168 1046 1293 1120 Danu·
1378 1113 1380 1120 ,

197 1173 254 1265 hii,
280 1195 349 1270 quo
366 1172 600 1248 interdictum
619 1170 844 1248 Christianis
862 1172 1030 1248 omnibus
1049 1171 1135 1265 fuit,
1163 1194 1209 1246 ne
1227 1193 1294 1267 per

199 1321 253 1373 eoa
267 1298 364 1374 fama
382 1298 474 1374 belli
501 1298 550 1376 ad
567 1296 708 1374 vicinae
736 1307 866 1396 gentes
887 1299 1110 1391 dimanaret,
1130 1297 1193 1370 vix
1210 1303 1296 1394 post

196 1424 303 1499 varios
320 1424 463 1501 viarum
481 1426 689 1519 anfractus,
709 1425 836 1500 salvus
856 1447 937 1500 cum
956 1423 1076 1501 literis
1095 1422 1215 1522 potuit
1233 1424 1295 1500 do-

196 1575 276 1628 num
292 1553 490 1652 appellere.
517 1553 732 1629 Ravazdius
750 1561 892 1638 autem,
918 1574 1056 1651 exque
1084 1548 1295 1626 Constanti-

195 1677 304 1775 nopoh
329 1679 556 1775 gratulatum
590 1677 728 1755 Sinano
752 1680 798 1754 de
826 1683 1047 1778 recuperata
1075 1699 1203 1752 rursus
1229 1675 1296 1751 illa

194 1802 287 1899 primi
312 1804 383 1879 loci
403 1804 580 1902 dignitate
599 1805 735 1880 missus
756 1812 856 1897 erat,
886 1806 1093 1903 complures
1111 1803 1186 1878 iam
1213 1801 1294 1876 dies

195 1927 238 2001 ihi
253 1928 432 2023 haeserat,
452 1929 581 2007 Sinani
600 1954 690 2007 sane
708 1931 914 2030 pertinacia
934 1939 970 2006 et
988 1929 1211 2022 morositate,
1231 1927 1294 2024 qui

195 2052 407 2152 iampridem
425 2056 589 2155 Prinoipi
606 2057 790 2151 infensus,
810 2058 903 2132 nihil
921 2057 1118 2132 etiamnum
1136 2056 1182 2131 de
1199 2054 1294 2154 pris-

197 2179 261 2255 tina
285 2205 375 2280 erga
402 2206 486 2259 enm
503 2185 614 2260 animi
641 2184 788 2262 feritate
806 2185 1012 2259 remitehat.
1037 2181 1194 2274 Etenim,
1214 2202 1294 2254 cum

196 2302 314 2382 Sinano
323 2307 536 2384 Ravaudius
546 2309 720 2385 mandata
728 2311 895 2401 referret,
908 2331 1015 2406 quam
1034 2314 1180 2405 gratum
1191 2305 1296 2380 Prin·

196 2431 258 2530 cipi
267 2457 326 2511 suo
345 2437 490 2528 fuisset,
512 2461 591 2513 cum
608 2460 689 2512 eum
698 2444 903 2535 promotum
923 2435 972 2511 ad
990 2442 1129 2510 tantum
1143 2433 1293 2509 honoris

195 2558 366 2657 fastigium
375 2561 638 2639 intellexisset:
660 2563 724 2638 illc
740 2585 782 2638 eo
793 2561 1039 2658 interpellato,
1050 2560 1296 2658 palamnega·

194 2683 249 2774 vit,
264 2687 518 2780 gratulandum
537 2688 583 2763 de
603 2709 646 2763 eo
666 2687 1059 2786 Transylvanis'esse.
1081 2686 1179 2762 Nam
1197 2687 1230 2760 si
1243 2687 1296 2760 vi-

194 2819 291 2905 reret,
309 2836 417 2890 curae
433 2815 506 2890 sihi
524 2815 818 2904 omninolore,nt
838 2839 883 2891 ea
894 2817 1065 2913 voluptas
1085 2814 1123 2888 in
1142 2814 1293 2889 exitium

196 2935 494 3038 Transylvaniac,
520 2944 616 3042 quod
636 2944 768 3020 dudum
788 2945 823 3019 ei
842 2945 1101 3036 meditaretur,
1121 2951 1292 3018 verteret.

285 3065 372 3145 Cum
391 3076 525 3167 postea
535 3078 740 3167 quaereret,
761 3070 892 3166 ecquid
911 3070 997 3144 novi
1017 3077 1127 3160 esset,
1148 3069 1291 3144 ourPo·

192 3189 257 3266 loni
272 3197 365 3292 quod
391 3194 492 3293 pacti
511 3217 627 3293 nuper
648 3219 727 3270 cum
747 3216 790 3269 eo
811 3203 956 3286 essent,
986 3218 1058 3270 non
1076 3217 1292 3292 repraesen-

192 3325 313 3414 tarent,
331 3347 395 3398 cnr
413 3323 500 3398 item
522 3321 700 3398 Germani
719 3323 894 3398 tributum
912 3347 984 3398 non
1003 3323 1199 3416 mitterent,
1219 3345 1291 3420 qua

193 3444 273 3520 inre
289 3471 391 3548 spem
409 3450 646 3526 collocarent.
667 3451 763 3525 Nam
785 3449 818 3523 si
837 3451 972 3525 fiducia
990 3451 1122 3525 virium
1139 3449 1291 3548 idface-

194 3581 273 3663 rent,
289 3573 431 3650 ridiculi
448 3597 603 3672 prorsus
616 3585 750 3670 essent,
772 3577 834 3674 qui
852 3578 925 3653 iam
945 3576 1086 3676 pridem
1105 3585 1160 3652 tot
1177 3573 1289 3649 cladi-

195 3695 251 3769 hus
260 3700 386 3794 affecti,
405 3699 564 3776 nondum
572 3701 862 3778 imbecillitatem
873 3727 1022 3779 suarum
1032 3703 1164 3778 virium
1176 3722 1288 3797 agno·
1325 3689 1330 3702 ’

193 3843 299 3916 scere,
317 3808 545 3924 imperioque
564 3823 741 3903 Caesaris
761 3829 944 3904 subiicere
964 3829 1197 3919 didicissent,
1218 3824 1289 3900 sed

193 3945 282 4022 brevi
290 3974 351 4026 eos
362 3960 527 4028 extremo
539 3954 836 4053 eorumpericulo
844 3953 1286 4052 cognituros,quammale

193 4073 238 4146 eis
246 4080 471 4156 malacornm
482 4082 650 4157 consulta
660 4083 850 4158 cesserint.
872 4082 1041 4179 Agerent
1059 4104 1147 4156 vero
1157 4080 1213 4156 illi
1231 4079 1283 4154 in-

194 4201 267 4294 quit
284 4205 425 4283 coirent
443 4208 539 4282 inter
557 4231 599 4283 se
618 4230 743 4284 omnes
762 4207 986 4302 Christiani,
1006 4209 1178 4307 viresque
1198 4228 1286 4282 suas
1329 4229 1337 4247 ·

192 4329 388 4409 conterrent.
398 4332 628 4428 Acheronta,
638 4344 837 4431 moverent,
848 4336 954 4434 quin:
970 4358 1038 4411 vos
1049 4336 1160 4411 etiam
1170 4337 1287 4410 Tran-

192 4453 347 4550 rylranos
366 4460 631 4552 adsciscerent,
650 4461 742 4535 nihil
762 4486 807 4537 ea
825 4463 963 4538 morari
983 4459 1193 4554 Caesarem,
1205 4483 1286 4536 cnm
1380 4502 1384 4508 ,

192 4579 240 4652 rel
255 4585 348 4660 mille
366 4587 594 4681 cornicibus,
623 4595 664 4664 ut
687 4588 724 4663 in
742 4589 941 4687 proverbio
961 4588 1102 4663 dicatur
1120 4609 1213 4663 unus
1229 4588 1285 4661 la-

191 4706 239 4798 pis
255 4713 415 4790 sufficiat.
445 4715 525 4791 lam
543 4738 632 4790 vero
651 4714 801 4791 rediens
819 4717 978 4807 famulus
1007 4714 1187 4789 Ravazdii
1206 4737 1285 4790 cum
