3625 5534
496 513 546 591 36
884 539 933 593 ιο.
954 541 1054 593 neon
1069 543 1218 596 nnnovn

495 723 660 790 neutrum
679 717 717 790 in
737 716 814 795 ullo
833 723 933 820 apud
943 720 1120 797 Sinannm
1139 719 1257 817 pretio
1277 721 1445 818 futurum,
1470 724 1608 802 sinullo

493 841 574 917 curn
592 843 791 940 legationis
809 846 918 924 huius
938 849 1059 924 fructu
1078 848 1126 923 ad
1146 870 1228 922 eum
1246 848 1410 934 redeant.

765 1240 939 1322 OAPVT
968 1242 1338 1325 DVODECIMVM.

491 1403 549 1477 De
576 1405 769 1502 expeditis,
797 1415 830 1479 et
857 1407 908 1481 cd
933 1433 1016 1481 snos
1040 1408 1195 1482 remissis
1218 1407 1425 1484 Parcarum
1453 1411 1605 1512 Lepctis.

596 1567 669 1643 His
687 1569 854 1682 omnibus
882 1569 1052 1667 cognitis,
1072 1593 1115 1646 eo
1136 1570 1259 1647 statim
1279 1595 1341 1648 res
1361 1572 1520 1652 adducta
1538 1583 1604 1664 est,

490 1701 530 1768 nt
558 1694 738 1790 quomodo
767 1692 944 1770 Caesaris
971 1696 1152 1773 voluntati
1179 1697 1481 1775 safisfaciendum
1499 1711 1607 1788 esset,

490 1842 537 1896 ex
557 1821 715 1897 omnium
733 1821 900 1896 ordinum
918 1823 1104 1898 sententia
1122 1793 1401 1902 deliberandum
1409 1826 1605 1904 videretur.

490 1945 627 2042 Legati
654 1954 775 2022 antem
812 1947 865 2022 ita
892 1946 1034 2024 dimissi
1061 1949 1229 2044 fuerunt,
1256 1959 1297 2026 nt
1325 1954 1422 2028 velle
1462 1953 1608 2050 quidem

489 2071 700 2172 Principem
715 2070 894 2150 Caesaris
918 2097 1032 2150 causa
1051 2075 1193 2169 omnia,
1222 2077 1289 2153 sed
1316 2101 1364 2153 an
1384 2102 1481 2176 qnae
1509 2079 1607 2170 velit,

487 2209 682 2298 praestare
698 2201 829 2300 possit,
849 2202 887 2274 id
904 2210 1061 2278 nontam
1072 2204 1120 2279 ab
1139 2201 1257 2302 ipsius
1276 2205 1477 2300 voluntate,
1498 2229 1605 2304 qnam
1719 2261 1720 2284 ι

488 2353 512 2402 a
530 2327 636 2403 coelo
654 2327 756 2425 ipso,
786 2327 888 2403 cuius
907 2327 1135 2427 intemperiei
1164 2329 1301 2405 oculati
1320 2329 1392 2428 ipsi
1411 2339 1531 2408 testes
1551 2355 1606 2407 cs-

488 2465 581 2550 sent,
599 2457 771 2556 pendere,
791 2455 930 2534 Sinauo
948 2457 1215 2534 renunciarent.
1235 2455 1421 2535 Restabat
1438 2459 1513 2535 iam
1529 2468 1607 2536 tan·
1719 2481 1720 2522 ι

484 2590 561 2659 tum
589 2583 820 2659 Mahumetes
848 2580 1050 2677 Obausius,
1080 2584 1142 2682 qui
1169 2583 1308 2660 alteras
1337 2586 1448 2661 etiam
1475 2585 1607 2664 literas

488 2705 665 2785 Caesaris
685 2698 733 2783 ad
752 2708 960 2808 Principem
989 2711 1184 2801 attulerat,
1212 2710 1402 2809 inquibus
1420 2712 1607 2808 significa-
1719 2775 1720 2786 ,

486 2838 614 2915 batur:
633 2837 803 2912 haesisse
822 2859 938 2936 nuper
954 2837 993 2911 in
1012 2836 1203 2913 Moldavia
1221 2837 1320 2936 apud
1338 2836 1524 2916 Aaronem
1543 2863 1603 2916 co·
1719 2839 1720 2858 ¹

485 2962 628 3039 hortem
648 2963 842 3061 quamdam
859 2963 1012 3039 militum
1041 2964 1402 3065 Trausylvanorum,
1421 2967 1483 3064 qni
1502 2991 1605 3066 mag·

485 3113 532 3166 uo
559 3091 771 3191 provinciae
789 3089 892 3165 oneri
910 3097 1052 3183 essent,
1080 3090 1235 3191 proinde
1264 3090 1499 3169 abducendos
1519 3093 1606 3168 inde
1719 3137 1720 3144 κ

486 3239 622 3311 omnes,
642 3216 807 3315 exceptis
827 3214 1060 3311 octingentis,
1081 3217 1212 3314 quibus
1231 3217 1387 3294 liberum
1406 3217 1455 3293 sit
1467 3217 1521 3294 ibi
1541 3220 1605 3294 sti-

484 3343 619 3444 pendia
635 3343 780 3440 facere,
807 3340 988 3440 Princeps
1007 3351 1173 3434 curaret,
1201 3343 1326 3419 missis
1351 3343 1538 3442 aliquibus
1558 3366 1605 3420 en

484 3470 580 3563 suis,
607 3469 670 3567 qni
681 3476 884 3571 praesente
902 3468 986 3566 ipso
1006 3467 1236 3553 Mahometo‚
1257 3493 1339 3544 eam
1356 3493 1435 3544 rem
1453 3469 1490 3544 in
1510 3470 1606 3546 Mol·

484 3595 594 3671 davia
617 3620 663 3672 ex
682 3595 865 3671 sententia
892 3594 1124 3670 conficerent.
1155 3594 1317 3671 Iussisse
1345 3618 1387 3672 se
1403 3603 1604 3694 praeterea

483 3720 655 3808 Aaroni,
670 3729 711 3796 ut
728 3719 819 3796 duos
839 3717 1034 3817 quosdam,
1062 3741 1154 3818 quos
1173 3719 1405 3797 Mahometus
1433 3717 1604 3819 Oppram

483 3847 750 3944 Logothetnm,
775 3855 813 3924 et
839 3845 1074 3923 Reszuanum
1101 3868 1185 3923 esse
1214 3845 1458 3944 significavit,
1486 3845 1604 3923 homi-

482 3999 549 4052 ues
568 3976 644 4051 uoti
672 3974 847 4066 sceleris,
874 3974 1016 4048 meritis
1034 3973 1166 4073 poenis
1185 3973 1341 4067 afficiat,
1368 3973 1471 4051 cuius
1489 3973 1603 4049 etiam

481 4103 621 4200 negotii
639 4127 764 4180 curam
782 4103 861 4178 suis
879 4101 1059 4199 Princeps
1082 4101 1296 4194 committat,
1316 4109 1357 4177 ut
1366 4100 1393 4174 ii
1403 4099 1603 4197 diligenter

480 4251 544 4305 eos
563 4229 789 4327 conquisitos
807 4226 1019 4320 Mahumeti,
1040 4235 1079 4303 ut
1099 4225 1205 4302 ediin
1216 4249 1281 4303 eos
1298 4226 1503 4326 exemplum
1514 4249 1602 4325 pos-

477 4356 536 4451 sit,
553 4356 712 4433 natant
799 4368 811 4390 ·

585 4479 764 4558 Severum
781 4480 852 4556 hoc
879 4479 1080 4557 Decretum
1108 4477 1285 4556 Caesaris
1313 4478 1452 4570 visum,
1480 4499 1600 4575 eoque

480 4616 706 4704 vergerent
725 4607 851 4683 Aaron
870 4630 915 4681 eo
936 4607 1123 4698 satellitio,
1144 4605 1369 4704 fidorumque
1388 4627 1513 4682 eornm
1533 4604 1600 4680 ho·

479 4731 612 4807 minum
630 4733 818 4830 praesidio
842 4732 1028 4830 privatus,
1060 4741 1158 4808 totns
1176 4732 1322 4808 insidiis
1342 4755 1467 4808 eorum
1494 4741 1599 4828 pate·
