<?xml version="1.0" encoding="UTF-8"?>
<!DOCTYPE html PUBLIC "-//W3C//DTD XHTML 1.0 Transitional//EN"
    "http://www.w3.org/TR/xhtml1/DTD/xhtml1-transitional.dtd">
<html xmlns="http://www.w3.org/1999/xhtml" xml:lang="en" lang="en">
 <head>
  <title>
</title>
<meta http-equiv="Content-Type" content="text/html;charset=utf-8" />
  <meta name='ocr-system' content='tesseract 3.04.00' />
  <meta name='ocr-capabilities' content='ocr_page ocr_carea ocr_par ocr_line ocrx_word'/>
</head>
<body>
  <div class='ocr_page' id='page_1' title='image "./magyarhistorija00decsgoog_0180.png"; bbox 0 0 3625 5534; ppageno 0'>
   <div class='ocr_carea' id='block_1_1' title="bbox 462 425 1193 504">
    <p class='ocr_par' dir='ltr' id='par_1_1' title="bbox 462 425 1193 504">
     <span class='ocr_line' id='line_1_1' title="bbox 462 425 1193 504; baseline 0 0"><span class='ocrx_word' id='word_1_1' title='bbox 462 425 514 504; x_wconf 82' lang='lat'><strong>90</strong></span> <span class='ocrx_word' id='word_1_2' title='bbox 853 453 902 503; x_wconf 88' lang='lat' dir='ltr'><strong>ro.</strong></span> <span class='ocrx_word' id='word_1_3' title='bbox 923 453 1024 503; x_wconf 83' lang='lat' dir='ltr'><strong>oron</strong></span> <span class='ocrx_word' id='word_1_4' title='bbox 1043 451 1193 504; x_wconf 78' lang='lat' dir='ltr'><strong>ssnovrr</strong></span> 
     </span>
    </p>
   </div>
   <div class='ocr_carea' id='block_1_2' title="bbox 456 628 1588 1608">
    <p class='ocr_par' dir='ltr' id='par_1_2' title="bbox 456 628 1588 1608">
     <span class='ocr_line' id='line_1_2' title="bbox 462 628 1588 732; baseline 0.005 -30"><span class='ocrx_word' id='word_1_5' title='bbox 462 628 659 727; x_wconf 75' lang='lat' dir='ltr'><strong>praesidiis</strong></span> <span class='ocrx_word' id='word_1_6' title='bbox 678 650 763 702; x_wconf 88' lang='lat' dir='ltr'><strong>esse</strong></span> <span class='ocrx_word' id='word_1_7' title='bbox 791 628 939 703; x_wconf 85' lang='lat' dir='ltr'><strong>nudata.</strong></span> <span class='ocrx_word' id='word_1_8' title='bbox 980 628 1086 702; x_wconf 90' lang='lat' dir='ltr'><strong>Nune</strong></span> <span class='ocrx_word' id='word_1_9' title='bbox 1112 630 1285 704; x_wconf 89' lang='lat' dir='ltr'><strong>utendum</strong></span> <span class='ocrx_word' id='word_1_10' title='bbox 1315 633 1588 732; x_wconf 82' lang='lat' dir='ltr'><strong>Transylvauis</strong></span> 
     </span>
     <span class='ocr_line' id='line_1_3' title="bbox 463 753 1587 852; baseline 0.007 -24"><span class='ocrx_word' id='word_1_11' title='bbox 463 753 657 830; x_wconf 72' lang='lat' dir='ltr'><strong>occasione</strong></span> <span class='ocrx_word' id='word_1_12' title='bbox 676 775 772 841; x_wconf 89' lang='lat' dir='ltr'><strong>esse,</strong></span> <span class='ocrx_word' id='word_1_13' title='bbox 810 760 848 827; x_wconf 91' lang='lat' dir='ltr'><strong>ct</strong></span> <span class='ocrx_word' id='word_1_14' title='bbox 876 776 944 852; x_wconf 91' lang='lat' dir='ltr'><strong>pro</strong></span> <span class='ocrx_word' id='word_1_15' title='bbox 973 775 1096 829; x_wconf 88' lang='lat' dir='ltr'><strong>eorum</strong></span> <span class='ocrx_word' id='word_1_16' title='bbox 1116 755 1154 828; x_wconf 92' lang='lat' dir='ltr'><strong>iu</strong></span> <span class='ocrx_word' id='word_1_17' title='bbox 1173 753 1375 833; x_wconf 79' lang='lat' dir='ltr'><strong>Caesarem</strong></span> <span class='ocrx_word' id='word_1_18' title='bbox 1395 758 1467 834; x_wconf 88' lang='lat' dir='ltr'><strong>fide</strong></span> <span class='ocrx_word' id='word_1_19' title='bbox 1487 761 1587 836; x_wconf 88' lang='lat' dir='ltr'><strong>adni-</strong></span> 
     </span>
     <span class='ocr_line' id='line_1_4' title="bbox 461 880 1587 974; baseline 0.005 -18"><span class='ocrx_word' id='word_1_20' title='bbox 461 880 619 971; x_wconf 82' lang='lat' dir='ltr'><strong>tendum,</strong></span> <span class='ocrx_word' id='word_1_21' title='bbox 638 888 679 954; x_wconf 87' lang='lat' dir='ltr'><strong>ut</strong></span> <span class='ocrx_word' id='word_1_22' title='bbox 697 880 734 952; x_wconf 92' lang='lat' dir='ltr'><strong>iu</strong></span> <span class='ocrx_word' id='word_1_23' title='bbox 755 880 913 955; x_wconf 88' lang='lat' dir='ltr'><strong>hostium</strong></span> <span class='ocrx_word' id='word_1_24' title='bbox 933 880 1092 956; x_wconf 86' lang='lat' dir='ltr'><strong>ditiones</strong></span> <span class='ocrx_word' id='word_1_25' title='bbox 1110 883 1223 974; x_wconf 80' lang='lat' dir='ltr'><strong>terro,</strong></span> <span class='ocrx_word' id='word_1_26' title='bbox 1262 891 1299 957; x_wconf 86' lang='lat' dir='ltr'><strong>et</strong></span> <span class='ocrx_word' id='word_1_27' title='bbox 1326 883 1475 960; x_wconf 84' lang='lat' dir='ltr'><strong>flamma</strong></span> <span class='ocrx_word' id='word_1_28' title='bbox 1508 909 1587 961; x_wconf 88' lang='lat' dir='ltr'><strong>sae·</strong></span> 
     </span>
     <span class='ocr_line' id='line_1_5' title="bbox 460 1003 1588 1107; baseline 0.004 -25"><span class='ocrx_word' id='word_1_29' title='bbox 460 1007 571 1096; x_wconf 88' lang='lat' dir='ltr'><strong>viant,</strong></span> <span class='ocrx_word' id='word_1_30' title='bbox 592 1003 806 1080; x_wconf 87' lang='lat' dir='ltr'><strong>circumlato</strong></span> <span class='ocrx_word' id='word_1_31' title='bbox 826 1004 939 1100; x_wconf 81' lang='lat' dir='ltr'><strong>longe</strong></span> <span class='ocrx_word' id='word_1_32' title='bbox 966 1007 1117 1102; x_wconf 86' lang='lat' dir='ltr'><strong>lateque</strong></span> <span class='ocrx_word' id='word_1_33' title='bbox 1136 1005 1176 1080; x_wconf 90' lang='lat' dir='ltr'><strong>in</strong></span> <span class='ocrx_word' id='word_1_34' title='bbox 1195 1029 1321 1083; x_wconf 87' lang='lat' dir='ltr'><strong>omnes</strong></span> <span class='ocrx_word' id='word_1_35' title='bbox 1339 1019 1469 1107; x_wconf 88' lang='lat' dir='ltr'><strong>partes</strong></span> <span class='ocrx_word' id='word_1_36' title='bbox 1490 1013 1588 1087; x_wconf 90' lang='lat' dir='ltr'><strong>omni</strong></span> 
     </span>
     <span class='ocr_line' id='line_1_6' title="bbox 459 1126 1586 1228; baseline 0.005 -22"><span class='ocrx_word' id='word_1_37' title='bbox 459 1130 549 1208; x_wconf 90' lang='lat' dir='ltr'><strong>belli</strong></span> <span class='ocrx_word' id='word_1_38' title='bbox 567 1139 720 1207; x_wconf 89' lang='lat' dir='ltr'><strong>terrore.</strong></span> <span class='ocrx_word' id='word_1_39' title='bbox 749 1126 949 1206; x_wconf 81' lang='lat' dir='ltr'><strong>Chereium</strong></span> <span class='ocrx_word' id='word_1_40' title='bbox 980 1132 1225 1208; x_wconf 85' lang='lat' dir='ltr'><strong>Tartarormn</strong></span> <span class='ocrx_word' id='word_1_41' title='bbox 1253 1131 1439 1228; x_wconf 82' lang='lat' dir='ltr'><strong>Ghunum,</strong></span> <span class='ocrx_word' id='word_1_42' title='bbox 1469 1138 1586 1212; x_wconf 89' lang='lat' dir='ltr'><strong>virum</strong></span> 
     </span>
     <span class='ocr_line' id='line_1_7' title="bbox 457 1256 1587 1358; baseline 0.005 -26"><span class='ocrx_word' id='word_1_43' title='bbox 457 1259 663 1348; x_wconf 84' lang='lat' dir='ltr'><strong>militarem,</strong></span> <span class='ocrx_word' id='word_1_44' title='bbox 684 1256 954 1332; x_wconf 85' lang='lat' dir='ltr'><strong>conducentis</strong></span> <span class='ocrx_word' id='word_1_45' title='bbox 985 1257 1148 1333; x_wconf 91' lang='lat' dir='ltr'><strong>millibus</strong></span> <span class='ocrx_word' id='word_1_46' title='bbox 1170 1261 1401 1358; x_wconf 86' lang='lat' dir='ltr'><strong>popularium</strong></span> <span class='ocrx_word' id='word_1_47' title='bbox 1433 1263 1587 1341; x_wconf 87' lang='lat' dir='ltr'><strong>sedibus</strong></span> 
     </span>
     <span class='ocr_line' id='line_1_8' title="bbox 458 1383 1587 1483; baseline 0.004 -22"><span class='ocrx_word' id='word_1_48' title='bbox 458 1383 617 1461; x_wconf 86' lang='lat' dir='ltr'><strong>excitum</strong></span> <span class='ocrx_word' id='word_1_49' title='bbox 635 1383 742 1458; x_wconf 91' lang='lat' dir='ltr'><strong>brevi</strong></span> <span class='ocrx_word' id='word_1_50' title='bbox 759 1383 971 1468; x_wconf 67' lang='lat' dir='ltr'><strong>affuturum</strong></span> <span class='ocrx_word' id='word_1_51' title='bbox 989 1383 1051 1481; x_wconf 94' lang='lat' dir='ltr'><strong>qui</strong></span> <span class='ocrx_word' id='word_1_52' title='bbox 1070 1393 1265 1483; x_wconf 83' lang='lat' dir='ltr'><strong>postquam</strong></span> <span class='ocrx_word' id='word_1_53' title='bbox 1280 1388 1482 1480; x_wconf 76' lang='lat' dir='ltr'><strong>advenerit,</strong></span> <span class='ocrx_word' id='word_1_54' title='bbox 1502 1389 1587 1464; x_wconf 86' lang='lat' dir='ltr'><strong>bos-</strong></span> 
     </span>
     <span class='ocr_line' id='line_1_9' title="bbox 456 1507 1586 1608; baseline 0.003 -21"><span class='ocrx_word' id='word_1_55' title='bbox 456 1512 546 1588; x_wconf 92' lang='lat' dir='ltr'><strong>tium</strong></span> <span class='ocrx_word' id='word_1_56' title='bbox 565 1507 658 1584; x_wconf 89' lang='lat' dir='ltr'><strong>fines</strong></span> <span class='ocrx_word' id='word_1_57' title='bbox 676 1517 915 1608; x_wconf 82' lang='lat' dir='ltr'><strong>pervagatus,</strong></span> <span class='ocrx_word' id='word_1_58' title='bbox 934 1510 1056 1584; x_wconf 87' lang='lat' dir='ltr'><strong>omnia</strong></span> <span class='ocrx_word' id='word_1_59' title='bbox 1075 1533 1200 1586; x_wconf 91' lang='lat' dir='ltr'><strong>eorum</strong></span> <span class='ocrx_word' id='word_1_60' title='bbox 1218 1512 1312 1604; x_wconf 84' lang='lat' dir='ltr'><strong>loca,</strong></span> <span class='ocrx_word' id='word_1_61' title='bbox 1330 1516 1454 1606; x_wconf 87' lang='lat' dir='ltr'><strong>urbes,</strong></span> <span class='ocrx_word' id='word_1_62' title='bbox 1466 1539 1586 1606; x_wconf 86' lang='lat' dir='ltr'><strong>arces,</strong></span> 
     </span>
    </p>
   </div>
   <div class='ocr_carea' id='block_1_3' title="bbox 456 1636 1735 1861">
    <p class='ocr_par' dir='ltr' id='par_1_3' title="bbox 456 1636 1735 1861">
     <span class='ocr_line' id='line_1_10' title="bbox 456 1636 1735 1737; baseline -0.001 -23"><span class='ocrx_word' id='word_1_63' title='bbox 456 1636 603 1737; x_wconf 87' lang='lat' dir='ltr'><strong>oppida,</strong></span> <span class='ocrx_word' id='word_1_64' title='bbox 623 1638 744 1728; x_wconf 85' lang='lat' dir='ltr'><strong>villas,</strong></span> <span class='ocrx_word' id='word_1_65' title='bbox 754 1637 791 1710; x_wconf 93' lang='lat' dir='ltr'><strong>in</strong></span> <span class='ocrx_word' id='word_1_66' title='bbox 802 1638 950 1729; x_wconf 87' lang='lat' dir='ltr'><strong>furnum,</strong></span> <span class='ocrx_word' id='word_1_67' title='bbox 961 1644 998 1712; x_wconf 86' lang='lat' dir='ltr'><strong>et</strong></span> <span class='ocrx_word' id='word_1_68' title='bbox 1007 1636 1174 1712; x_wconf 84' lang='lat' dir='ltr'><strong>favillam</strong></span> <span class='ocrx_word' id='word_1_69' title='bbox 1185 1647 1386 1730; x_wconf 85' lang='lat' dir='ltr'><strong>convertet,</strong></span> <span class='ocrx_word' id='word_1_70' title='bbox 1398 1641 1586 1717; x_wconf 85' lang='lat' dir='ltr'><strong>abductis·</strong></span> <span class='ocrx_word' id='word_1_71' title='bbox 1734 1647 1735 1688; x_wconf 37' lang='grc' dir='ltr'><strong>ὲ</strong></span> 
     </span>
     <span class='ocr_line' id='line_1_11' title="bbox 458 1763 1735 1861; baseline -0.002 -20"><span class='ocrx_word' id='word_1_72' title='bbox 458 1786 530 1861; x_wconf 92' lang='lat' dir='ltr'><strong>que</strong></span> <span class='ocrx_word' id='word_1_73' title='bbox 549 1763 777 1861; x_wconf 83' lang='lat' dir='ltr'><strong>coniugibus,</strong></span> <span class='ocrx_word' id='word_1_74' title='bbox 798 1770 836 1838; x_wconf 88' lang='lat' dir='ltr'><strong>et</strong></span> <span class='ocrx_word' id='word_1_75' title='bbox 854 1763 993 1856; x_wconf 87' lang='lat' dir='ltr'><strong>liberis,</strong></span> <span class='ocrx_word' id='word_1_76' title='bbox 1032 1767 1228 1840; x_wconf 90' lang='lat' dir='ltr'><strong>cumomni</strong></span> <span class='ocrx_word' id='word_1_77' title='bbox 1261 1789 1385 1842; x_wconf 90' lang='lat' dir='ltr'><strong>corum</strong></span> <span class='ocrx_word' id='word_1_78' title='bbox 1413 1769 1586 1843; x_wconf 79' lang='lat' dir='ltr'><strong>suostan-</strong></span> <span class='ocrx_word' id='word_1_79' title='bbox 1734 1805 1735 1808; x_wconf 14' lang='grc' dir='ltr'><strong><em>κ</em></strong></span> 
     </span>
    </p>
   </div>
   <div class='ocr_carea' id='block_1_4' title="bbox 451 1890 1735 3245">
    <p class='ocr_par' dir='ltr' id='par_1_4' title="bbox 451 1890 1735 3099">
     <span class='ocr_line' id='line_1_12' title="bbox 455 1890 1586 1989; baseline 0.004 -24"><span class='ocrx_word' id='word_1_80' title='bbox 455 1890 519 1979; x_wconf 87' lang='lat' dir='ltr'><strong>tia,</strong></span> <span class='ocrx_word' id='word_1_81' title='bbox 540 1914 682 1965; x_wconf 90' lang='lat' dir='ltr'><strong>ornnem</strong></span> <span class='ocrx_word' id='word_1_82' title='bbox 717 1892 794 1964; x_wconf 88' lang='lat' dir='ltr'><strong>late</strong></span> <span class='ocrx_word' id='word_1_83' title='bbox 821 1891 1015 1986; x_wconf 80' lang='lat' dir='ltr'><strong>regionem</strong></span> <span class='ocrx_word' id='word_1_84' title='bbox 1041 1911 1269 1989; x_wconf 78' lang='lat' dir='ltr'><strong>vacuamque</strong></span> <span class='ocrx_word' id='word_1_85' title='bbox 1296 1892 1586 1980; x_wconf 86' lang='lat' dir='ltr'><strong>habitatoribus,</strong></span> 
     </span>
     <span class='ocr_line' id='line_1_13' title="bbox 456 2015 1586 2116; baseline 0.004 -27"><span class='ocrx_word' id='word_1_86' title='bbox 456 2025 673 2116; x_wconf 84' lang='lat' dir='ltr'><strong>vastamque</strong></span> <span class='ocrx_word' id='word_1_87' title='bbox 692 2016 833 2090; x_wconf 84' lang='lat' dir='ltr'><strong>reddet.</strong></span> <span class='ocrx_word' id='word_1_88' title='bbox 872 2017 1003 2114; x_wconf 88' lang='lat' dir='ltr'><strong>ltaque</strong></span> <span class='ocrx_word' id='word_1_89' title='bbox 1034 2015 1210 2090; x_wconf 89' lang='lat' dir='ltr'><strong>cumillis</strong></span> <span class='ocrx_word' id='word_1_90' title='bbox 1230 2026 1376 2113; x_wconf 85' lang='lat' dir='ltr'><strong>agetur,</strong></span> <span class='ocrx_word' id='word_1_91' title='bbox 1414 2025 1453 2094; x_wconf 89' lang='lat' dir='ltr'><strong>ut</strong></span> <span class='ocrx_word' id='word_1_92' title='bbox 1472 2019 1586 2094; x_wconf 89' lang='lat' dir='ltr'><strong>iidem</strong></span> 
     </span>
     <span class='ocr_line' id='line_1_14' title="bbox 453 2141 1586 2241; baseline 0 -23"><span class='ocrx_word' id='word_1_93' title='bbox 453 2142 622 2241; x_wconf 84' lang='lat' dir='ltr'><strong>ipsismet</strong></span> <span class='ocrx_word' id='word_1_94' title='bbox 638 2142 712 2217; x_wconf 89' lang='lat' dir='ltr'><strong>sint</strong></span> <span class='ocrx_word' id='word_1_95' title='bbox 732 2141 934 2240; x_wconf 90' lang='lat' dir='ltr'><strong>despectui,</strong></span> <span class='ocrx_word' id='word_1_96' title='bbox 956 2147 993 2215; x_wconf 88' lang='lat' dir='ltr'><strong>et</strong></span> <span class='ocrx_word' id='word_1_97' title='bbox 1012 2141 1183 2231; x_wconf 88' lang='lat' dir='ltr'><strong>ludibrio,</strong></span> <span class='ocrx_word' id='word_1_98' title='bbox 1193 2163 1373 2240; x_wconf 88' lang='lat' dir='ltr'><strong>nusquam</strong></span> <span class='ocrx_word' id='word_1_99' title='bbox 1384 2144 1586 2240; x_wconf 87' lang='lat' dir='ltr'><strong>respirare,</strong></span> 
     </span>
     <span class='ocr_line' id='line_1_15' title="bbox 455 2267 1587 2366; baseline -0.002 -23"><span class='ocrx_word' id='word_1_100' title='bbox 455 2270 515 2344; x_wconf 90' lang='lat' dir='ltr'><strong>vel</strong></span> <span class='ocrx_word' id='word_1_101' title='bbox 535 2271 583 2344; x_wconf 86' lang='lat' dir='ltr'><strong>ad</strong></span> <span class='ocrx_word' id='word_1_102' title='bbox 602 2270 717 2344; x_wconf 85' lang='lat' dir='ltr'><strong>horae</strong></span> <span class='ocrx_word' id='word_1_103' title='bbox 737 2267 896 2366; x_wconf 86' lang='lat' dir='ltr'><strong>spatium</strong></span> <span class='ocrx_word' id='word_1_104' title='bbox 917 2267 1051 2342; x_wconf 88' lang='lat' dir='ltr'><strong>saltem</strong></span> <span class='ocrx_word' id='word_1_105' title='bbox 1070 2268 1214 2365; x_wconf 87' lang='lat' dir='ltr'><strong>possint</strong></span> <span class='ocrx_word' id='word_1_106' title='bbox 1243 2270 1456 2345; x_wconf 84' lang='lat' dir='ltr'><strong>consistere.</strong></span> <span class='ocrx_word' id='word_1_107' title='bbox 1478 2269 1587 2344; x_wconf 90' lang='lat' dir='ltr'><strong>Nihil</strong></span> 
     </span>
     <span class='ocr_line' id='line_1_16' title="bbox 454 2391 1588 2494; baseline 0.001 -26"><span class='ocrx_word' id='word_1_108' title='bbox 454 2393 619 2494; x_wconf 85' lang='lat' dir='ltr'><strong>Principi</strong></span> <span class='ocrx_word' id='word_1_109' title='bbox 638 2395 729 2470; x_wconf 87' lang='lat' dir='ltr'><strong>iuris</strong></span> <span class='ocrx_word' id='word_1_110' title='bbox 749 2395 787 2468; x_wconf 93' lang='lat' dir='ltr'><strong>in</strong></span> <span class='ocrx_word' id='word_1_111' title='bbox 807 2391 1000 2490; x_wconf 82' lang='lat' dir='ltr'><strong>Vngariac</strong></span> <span class='ocrx_word' id='word_1_112' title='bbox 1018 2393 1151 2491; x_wconf 82' lang='lat' dir='ltr'><strong>Regno</strong></span> <span class='ocrx_word' id='word_1_113' title='bbox 1162 2417 1258 2488; x_wconf 86' lang='lat' dir='ltr'><strong>esse,</strong></span> <span class='ocrx_word' id='word_1_114' title='bbox 1270 2395 1373 2471; x_wconf 87' lang='lat' dir='ltr'><strong>ouius</strong></span> <span class='ocrx_word' id='word_1_115' title='bbox 1391 2396 1588 2472; x_wconf 85' lang='lat' dir='ltr'><strong>commoda</strong></span> 
     </span>
     <span class='ocr_line' id='line_1_17' title="bbox 453 2517 1585 2598; baseline 0.003 -4"><span class='ocrx_word' id='word_1_116' title='bbox 453 2542 527 2595; x_wconf 91' lang='lat' dir='ltr'><strong>uon</strong></span> <span class='ocrx_word' id='word_1_117' title='bbox 546 2520 680 2596; x_wconf 87' lang='lat' dir='ltr'><strong>debere</strong></span> <span class='ocrx_word' id='word_1_118' title='bbox 701 2543 781 2594; x_wconf 85' lang='lat' dir='ltr'><strong>eum</strong></span> <span class='ocrx_word' id='word_1_119' title='bbox 799 2517 948 2595; x_wconf 88' lang='lat' dir='ltr'><strong>morari.</strong></span> <span class='ocrx_word' id='word_1_120' title='bbox 989 2519 1069 2594; x_wconf 89' lang='lat' dir='ltr'><strong>Neo</strong></span> <span class='ocrx_word' id='word_1_121' title='bbox 1097 2543 1223 2595; x_wconf 89' lang='lat' dir='ltr'><strong>euram</strong></span> <span class='ocrx_word' id='word_1_122' title='bbox 1252 2522 1309 2598; x_wconf 89' lang='lat' dir='ltr'><strong>sui</strong></span> <span class='ocrx_word' id='word_1_123' title='bbox 1337 2521 1376 2596; x_wconf 92' lang='lat' dir='ltr'><strong>in</strong></span> <span class='ocrx_word' id='word_1_124' title='bbox 1401 2543 1444 2596; x_wconf 93' lang='lat' dir='ltr'><strong>eo</strong></span> <span class='ocrx_word' id='word_1_125' title='bbox 1463 2529 1585 2597; x_wconf 86' lang='lat' dir='ltr'><strong>atten-</strong></span> 
     </span>
     <span class='ocr_line' id='line_1_18' title="bbox 461 2646 1587 2745; baseline 0.003 -26"><span class='ocrx_word' id='word_1_126' title='bbox 461 2646 569 2739; x_wconf 74' lang='lat' dir='ltr'><strong>dere,</strong></span> <span class='ocrx_word' id='word_1_127' title='bbox 591 2646 623 2719; x_wconf 92' lang='lat' dir='ltr'><strong>si</strong></span> <span class='ocrx_word' id='word_1_128' title='bbox 643 2648 768 2742; x_wconf 85' lang='lat' dir='ltr'><strong>itaque</strong></span> <span class='ocrx_word' id='word_1_129' title='bbox 788 2646 931 2721; x_wconf 86' lang='lat' dir='ltr'><strong>animus</strong></span> <span class='ocrx_word' id='word_1_130' title='bbox 947 2646 1022 2745; x_wconf 92' lang='lat' dir='ltr'><strong>ipsi</strong></span> <span class='ocrx_word' id='word_1_131' title='bbox 1040 2652 1099 2721; x_wconf 89' lang='lat' dir='ltr'><strong>est</strong></span> <span class='ocrx_word' id='word_1_132' title='bbox 1118 2647 1153 2721; x_wconf 93' lang='lat' dir='ltr'><strong>ei</strong></span> <span class='ocrx_word' id='word_1_133' title='bbox 1172 2647 1408 2739; x_wconf 87' lang='lat' dir='ltr'><strong>inserviendi,</strong></span> <span class='ocrx_word' id='word_1_134' title='bbox 1426 2671 1528 2722; x_wconf 89' lang='lat' dir='ltr'><strong>nunc</strong></span> <span class='ocrx_word' id='word_1_135' title='bbox 1548 2656 1587 2722; x_wconf 87' lang='lat' dir='ltr'><strong>et</strong></span> 
     </span>
     <span class='ocr_line' id='line_1_19' title="bbox 453 2769 1586 2868; baseline 0.003 -24"><span class='ocrx_word' id='word_1_136' title='bbox 453 2771 588 2846; x_wconf 87' lang='lat' dir='ltr'><strong>virtute</strong></span> <span class='ocrx_word' id='word_1_137' title='bbox 607 2790 699 2868; x_wconf 90' lang='lat' dir='ltr'><strong>opus</strong></span> <span class='ocrx_word' id='word_1_138' title='bbox 720 2791 817 2860; x_wconf 86' lang='lat' dir='ltr'><strong>esse,</strong></span> <span class='ocrx_word' id='word_1_139' title='bbox 837 2776 875 2844; x_wconf 90' lang='lat' dir='ltr'><strong>et</strong></span> <span class='ocrx_word' id='word_1_140' title='bbox 894 2769 1062 2847; x_wconf 87' lang='lat' dir='ltr'><strong>omnibus</strong></span> <span class='ocrx_word' id='word_1_141' title='bbox 1081 2771 1223 2847; x_wconf 91' lang='lat' dir='ltr'><strong>viribus</strong></span> <span class='ocrx_word' id='word_1_142' title='bbox 1246 2773 1522 2864; x_wconf 84' lang='lat' dir='ltr'><strong>elaborandum,</strong></span> <span class='ocrx_word' id='word_1_143' title='bbox 1544 2781 1586 2847; x_wconf 86' lang='lat' dir='ltr'><strong>ut</strong></span> 
     </span>
     <span class='ocr_line' id='line_1_20' title="bbox 451 2886 1735 2994; baseline 0.007 -23"><span class='ocrx_word' id='word_1_144' title='bbox 451 2920 532 2974; x_wconf 90' lang='lat' dir='ltr'><strong>cum</strong></span> <span class='ocrx_word' id='word_1_145' title='bbox 549 2897 624 2994; x_wconf 90' lang='lat' dir='ltr'><strong>ipsi</strong></span> <span class='ocrx_word' id='word_1_146' title='bbox 651 2895 777 2987; x_wconf 90' lang='lat' dir='ltr'><strong>fidum,</strong></span> <span class='ocrx_word' id='word_1_147' title='bbox 815 2906 890 2971; x_wconf 87' lang='lat' dir='ltr'><strong>tum</strong></span> <span class='ocrx_word' id='word_1_148' title='bbox 918 2886 1100 2972; x_wconf 83' lang='lat' dir='ltr'><strong>hostibus</strong></span> <span class='ocrx_word' id='word_1_149' title='bbox 1116 2898 1393 2974; x_wconf 83' lang='lat' dir='ltr'><strong>formidolosum</strong></span> <span class='ocrx_word' id='word_1_150' title='bbox 1421 2919 1462 2972; x_wconf 87' lang='lat' dir='ltr'><strong>se</strong></span> <span class='ocrx_word' id='word_1_151' title='bbox 1492 2920 1585 2974; x_wconf 88' lang='lat' dir='ltr'><strong>esse</strong></span> <span class='ocrx_word' id='word_1_152' title='bbox 1734 2955 1735 2980; x_wconf 48' lang='lat'><em>³</em></span> 
     </span>
     <span class='ocr_line' id='line_1_21' title="bbox 451 3022 1241 3099; baseline 0.001 -3"><span class='ocrx_word' id='word_1_153' title='bbox 451 3022 633 3099; x_wconf 86' lang='lat' dir='ltr'><strong>ostendat.</strong></span> <span class='ocrx_word' id='word_1_154' title='bbox 1238 3041 1241 3052; x_wconf 93' lang='grc'><strong><em>·</em></strong></span> 
     </span>
    </p>

    <p class='ocr_par' dir='ltr' id='par_1_5' title="bbox 556 3145 1583 3245">
     <span class='ocr_line' id='line_1_22' title="bbox 556 3145 1583 3245; baseline 0.002 -23"><span class='ocrx_word' id='word_1_155' title='bbox 556 3150 602 3222; x_wconf 92' lang='lat' dir='ltr'><strong>In</strong></span> <span class='ocrx_word' id='word_1_156' title='bbox 629 3145 760 3223; x_wconf 82' lang='lat' dir='ltr'><strong>Sinoni</strong></span> <span class='ocrx_word' id='word_1_157' title='bbox 786 3147 918 3236; x_wconf 86' lang='lat' dir='ltr'><strong>literis,</strong></span> <span class='ocrx_word' id='word_1_158' title='bbox 957 3169 1052 3244; x_wconf 85' lang='lat' dir='ltr'><strong>quus</strong></span> <span class='ocrx_word' id='word_1_159' title='bbox 1081 3147 1210 3223; x_wconf 89' lang='lat' dir='ltr'><strong>eodem</strong></span> <span class='ocrx_word' id='word_1_160' title='bbox 1247 3154 1464 3245; x_wconf 83' lang='lat' dir='ltr'><strong>argumento</strong></span> <span class='ocrx_word' id='word_1_161' title='bbox 1494 3148 1583 3245; x_wconf 89' lang='lat' dir='ltr'><strong>ipse</strong></span> 
     </span>
    </p>
   </div>
   <div class='ocr_carea' id='block_1_5' title="bbox 451 3274 1735 3373">
    <p class='ocr_par' dir='ltr' id='par_1_6' title="bbox 451 3274 1735 3373">
     <span class='ocr_line' id='line_1_23' title="bbox 451 3274 1735 3373; baseline -0.002 -23"><span class='ocrx_word' id='word_1_162' title='bbox 451 3298 596 3372; x_wconf 92' lang='lat' dir='ltr'><strong>quoque</strong></span> <span class='ocrx_word' id='word_1_163' title='bbox 615 3274 664 3349; x_wconf 86' lang='lat' dir='ltr'><strong>ad</strong></span> <span class='ocrx_word' id='word_1_164' title='bbox 682 3274 892 3373; x_wconf 90' lang='lat' dir='ltr'><strong>Principem</strong></span> <span class='ocrx_word' id='word_1_165' title='bbox 911 3275 1073 3373; x_wconf 88' lang='lat' dir='ltr'><strong>scripsit,</strong></span> <span class='ocrx_word' id='word_1_166' title='bbox 1093 3275 1132 3349; x_wconf 95' lang='lat' dir='ltr'><strong>id</strong></span> <span class='ocrx_word' id='word_1_167' title='bbox 1151 3282 1232 3349; x_wconf 85' lang='lat' dir='ltr'><strong>erat</strong></span> <span class='ocrx_word' id='word_1_168' title='bbox 1251 3275 1433 3350; x_wconf 87' lang='lat' dir='ltr'><strong>additum:</strong></span> <span class='ocrx_word' id='word_1_169' title='bbox 1458 3276 1586 3372; x_wconf 86' lang='lat' dir='ltr'><strong>peria·</strong></span> <span class='ocrx_word' id='word_1_170' title='bbox 1734 3289 1735 3318; x_wconf 60' lang='lat'>¹</span> 
     </span>
    </p>
   </div>
   <div class='ocr_carea' id='block_1_6' title="bbox 442 3401 1584 4752">
    <p class='ocr_par' dir='ltr' id='par_1_7' title="bbox 442 3401 1584 4752">
     <span class='ocr_line' id='line_1_24' title="bbox 448 3401 1583 3491; baseline 0.001 -16"><span class='ocrx_word' id='word_1_171' title='bbox 448 3411 522 3475; x_wconf 89' lang='lat' dir='ltr'><strong>tum</strong></span> <span class='ocrx_word' id='word_1_172' title='bbox 542 3401 591 3474; x_wconf 86' lang='lat' dir='ltr'><strong>ad</strong></span> <span class='ocrx_word' id='word_1_173' title='bbox 610 3423 652 3475; x_wconf 87' lang='lat' dir='ltr'><strong>se</strong></span> <span class='ocrx_word' id='word_1_174' title='bbox 670 3423 766 3491; x_wconf 87' lang='lat' dir='ltr'><strong>csse,</strong></span> <span class='ocrx_word' id='word_1_175' title='bbox 804 3424 884 3476; x_wconf 90' lang='lat' dir='ltr'><strong>oum</strong></span> <span class='ocrx_word' id='word_1_176' title='bbox 914 3401 1086 3476; x_wconf 85' lang='lat' dir='ltr'><strong>hostibus</strong></span> <span class='ocrx_word' id='word_1_177' title='bbox 1106 3422 1316 3477; x_wconf 90' lang='lat' dir='ltr'><strong>communes</strong></span> <span class='ocrx_word' id='word_1_178' title='bbox 1336 3424 1417 3476; x_wconf 89' lang='lat' dir='ltr'><strong>eum</strong></span> <span class='ocrx_word' id='word_1_179' title='bbox 1435 3401 1583 3476; x_wconf 84' lang='lat' dir='ltr'><strong>habere</strong></span> 
     </span>
     <span class='ocr_line' id='line_1_25' title="bbox 446 3526 1584 3624; baseline 0 -23"><span class='ocrx_word' id='word_1_180' title='bbox 446 3526 609 3602; x_wconf 89' lang='lat' dir='ltr'><strong>rationes</strong></span> <span class='ocrx_word' id='word_1_181' title='bbox 629 3527 739 3622; x_wconf 71' lang='lat' dir='ltr'><strong>belli,</strong></span> <span class='ocrx_word' id='word_1_182' title='bbox 769 3526 802 3600; x_wconf 88' lang='lat' dir='ltr'><strong>si</strong></span> <span class='ocrx_word' id='word_1_183' title='bbox 830 3549 896 3601; x_wconf 87' lang='lat' dir='ltr'><strong>eos</strong></span> <span class='ocrx_word' id='word_1_184' title='bbox 926 3549 1115 3602; x_wconf 88' lang='lat' dir='ltr'><strong>sermones</strong></span> <span class='ocrx_word' id='word_1_185' title='bbox 1140 3549 1258 3602; x_wconf 88' lang='lat' dir='ltr'><strong>vanos</strong></span> <span class='ocrx_word' id='word_1_186' title='bbox 1288 3526 1445 3602; x_wconf 88' lang='lat' dir='ltr'><strong>reddere</strong></span> <span class='ocrx_word' id='word_1_187' title='bbox 1472 3526 1584 3624; x_wconf 86' lang='lat' dir='ltr'><strong>velit,</strong></span> 
     </span>
     <span class='ocr_line' id='line_1_26' title="bbox 447 3647 1583 3746; baseline 0.001 -20"><span class='ocrx_word' id='word_1_188' title='bbox 447 3652 527 3727; x_wconf 89' lang='lat' dir='ltr'><strong>eius</strong></span> <span class='ocrx_word' id='word_1_189' title='bbox 546 3652 700 3727; x_wconf 89' lang='lat' dir='ltr'><strong>oonsilio</strong></span> <span class='ocrx_word' id='word_1_190' title='bbox 720 3651 893 3727; x_wconf 91' lang='lat' dir='ltr'><strong>utendum</strong></span> <span class='ocrx_word' id='word_1_191' title='bbox 914 3651 949 3726; x_wconf 92' lang='lat' dir='ltr'><strong>ci</strong></span> <span class='ocrx_word' id='word_1_192' title='bbox 969 3674 1073 3746; x_wconf 84' lang='lat' dir='ltr'><strong>esse3</strong></span> <span class='ocrx_word' id='word_1_193' title='bbox 1096 3651 1144 3726; x_wconf 91' lang='lat' dir='ltr'><strong>ad</strong></span> <span class='ocrx_word' id='word_1_194' title='bbox 1163 3653 1373 3727; x_wconf 88' lang='lat' dir='ltr'><strong>mandatum</strong></span> <span class='ocrx_word' id='word_1_195' title='bbox 1395 3647 1583 3727; x_wconf 81' lang='lat' dir='ltr'><strong>Caesaris</strong></span> 
     </span>
     <span class='ocr_line' id='line_1_27' title="bbox 446 3776 1583 3876; baseline 0.001 -24"><span class='ocrx_word' id='word_1_196' title='bbox 446 3778 571 3854; x_wconf 82' lang='lat' dir='ltr'><strong>statim</strong></span> <span class='ocrx_word' id='word_1_197' title='bbox 589 3779 628 3853; x_wconf 90' lang='lat' dir='ltr'><strong>in</strong></span> <span class='ocrx_word' id='word_1_198' title='bbox 646 3777 761 3873; x_wconf 90' lang='lat' dir='ltr'><strong>pedes</strong></span> <span class='ocrx_word' id='word_1_199' title='bbox 790 3778 1073 3868; x_wconf 86' lang='lat' dir='ltr'><strong>consistendum,</strong></span> <span class='ocrx_word' id='word_1_200' title='bbox 1117 3801 1293 3876; x_wconf 88' lang='lat' dir='ltr'><strong>armaque</strong></span> <span class='ocrx_word' id='word_1_201' title='bbox 1331 3776 1513 3875; x_wconf 88' lang='lat' dir='ltr'><strong>capienda</strong></span> <span class='ocrx_word' id='word_1_202' title='bbox 1545 3778 1583 3853; x_wconf 89' lang='lat' dir='ltr'><strong>ei</strong></span> 
     </span>
     <span class='ocr_line' id='line_1_28' title="bbox 446 3902 1581 4002; baseline 0.002 -26"><span class='ocrx_word' id='word_1_203' title='bbox 446 3911 541 3994; x_wconf 90' lang='lat' dir='ltr'><strong>sunt,</strong></span> <span class='ocrx_word' id='word_1_204' title='bbox 579 3903 613 3977; x_wconf 92' lang='lat' dir='ltr'><strong>si</strong></span> <span class='ocrx_word' id='word_1_205' title='bbox 642 3904 810 3995; x_wconf 88' lang='lat' dir='ltr'><strong>salutem,</strong></span> <span class='ocrx_word' id='word_1_206' title='bbox 848 3906 1112 4002; x_wconf 89' lang='lat' dir='ltr'><strong>commodaque</strong></span> <span class='ocrx_word' id='word_1_207' title='bbox 1132 3903 1354 3979; x_wconf 86' lang='lat' dir='ltr'><strong>Provinciae</strong></span> <span class='ocrx_word' id='word_1_208' title='bbox 1375 3902 1491 3978; x_wconf 86' lang='lat' dir='ltr'><strong>chara</strong></span> <span class='ocrx_word' id='word_1_209' title='bbox 1511 3903 1581 3978; x_wconf 84' lang='lat' dir='ltr'><strong>ha-</strong></span> 
     </span>
     <span class='ocr_line' id='line_1_29' title="bbox 445 4026 1581 4129; baseline 0.003 -28"><span class='ocrx_word' id='word_1_210' title='bbox 445 4030 542 4105; x_wconf 87' lang='lat' dir='ltr'><strong>beat.</strong></span> <span class='ocrx_word' id='word_1_211' title='bbox 563 4030 806 4105; x_wconf 83' lang='lat' dir='ltr'><strong>Tartarorum</strong></span> <span class='ocrx_word' id='word_1_212' title='bbox 826 4026 1006 4112; x_wconf 80' lang='lat' dir='ltr'><strong>Chauum.</strong></span> <span class='ocrx_word' id='word_1_213' title='bbox 1028 4031 1210 4127; x_wconf 84' lang='lat' dir='ltr'><strong>Legatum</strong></span> <span class='ocrx_word' id='word_1_214' title='bbox 1238 4031 1312 4104; x_wconf 88' lang='lat' dir='ltr'><strong>iam</strong></span> <span class='ocrx_word' id='word_1_215' title='bbox 1340 4029 1389 4103; x_wconf 89' lang='lat' dir='ltr'><strong>ad</strong></span> <span class='ocrx_word' id='word_1_216' title='bbox 1410 4050 1451 4104; x_wconf 91' lang='lat' dir='ltr'><strong>se</strong></span> <span class='ocrx_word' id='word_1_217' title='bbox 1469 4053 1581 4129; x_wconf 84' lang='lat' dir='ltr'><strong>prue-</strong></span> 
     </span>
     <span class='ocr_line' id='line_1_30' title="bbox 444 4145 1581 4251; baseline 0.004 -24"><span class='ocrx_word' id='word_1_218' title='bbox 444 4153 602 4246; x_wconf 87' lang='lat' dir='ltr'><strong>misisse,</strong></span> <span class='ocrx_word' id='word_1_219' title='bbox 624 4155 685 4251; x_wconf 92' lang='lat' dir='ltr'><strong>qui</strong></span> <span class='ocrx_word' id='word_1_220' title='bbox 705 4154 896 4246; x_wconf 85' lang='lat' dir='ltr'><strong>iudicaret,</strong></span> <span class='ocrx_word' id='word_1_221' title='bbox 917 4145 1185 4232; x_wconf 80' lang='lat' dir='ltr'><strong>conducentis</strong></span> <span class='ocrx_word' id='word_1_222' title='bbox 1205 4156 1368 4231; x_wconf 87' lang='lat' dir='ltr'><strong>millibus</strong></span> <span class='ocrx_word' id='word_1_223' title='bbox 1387 4154 1581 4231; x_wconf 90' lang='lat' dir='ltr'><strong>hominurn</strong></span> 
     </span>
     <span class='ocr_line' id='line_1_31' title="bbox 445 4277 1580 4380; baseline 0.004 -28"><span class='ocrx_word' id='word_1_224' title='bbox 445 4301 527 4353; x_wconf 91' lang='lat' dir='ltr'><strong>eum</strong></span> <span class='ocrx_word' id='word_1_225' title='bbox 546 4279 583 4352; x_wconf 92' lang='lat' dir='ltr'><strong>in</strong></span> <span class='ocrx_word' id='word_1_226' title='bbox 602 4277 671 4353; x_wconf 84' lang='lat' dir='ltr'><strong>has</strong></span> <span class='ocrx_word' id='word_1_227' title='bbox 691 4303 777 4356; x_wconf 89' lang='lat' dir='ltr'><strong>oras</strong></span> <span class='ocrx_word' id='word_1_228' title='bbox 797 4281 1011 4357; x_wconf 87' lang='lat' dir='ltr'><strong>adventure.</strong></span> <span class='ocrx_word' id='word_1_229' title='bbox 1051 4282 1102 4357; x_wconf 92' lang='lat' dir='ltr'><strong>Hi</strong></span> <span class='ocrx_word' id='word_1_230' title='bbox 1130 4291 1327 4380; x_wconf 88' lang='lat' dir='ltr'><strong>postquam</strong></span> <span class='ocrx_word' id='word_1_231' title='bbox 1347 4280 1580 4370; x_wconf 83' lang='lat' dir='ltr'><strong>advenerint,</strong></span> 
     </span>
     <span class='ocr_line' id='line_1_32' title="bbox 443 4389 1580 4505; baseline 0.004 -29"><span class='ocrx_word' id='word_1_232' title='bbox 443 4403 696 4479; x_wconf 87' lang='lat' dir='ltr'><strong>damnatorum</strong></span> <span class='ocrx_word' id='word_1_233' title='bbox 714 4404 861 4482; x_wconf 85' lang='lat' dir='ltr'><strong>iliorum</strong></span> <span class='ocrx_word' id='word_1_234' title='bbox 880 4407 1083 4505; x_wconf 87' lang='lat' dir='ltr'><strong>spirituum,</strong></span> <span class='ocrx_word' id='word_1_235' title='bbox 1102 4409 1262 4484; x_wconf 88' lang='lat' dir='ltr'><strong>bostium</strong></span> <span class='ocrx_word' id='word_1_236' title='bbox 1283 4389 1431 4482; x_wconf 74' lang='lat' dir='ltr'><strong>suorum</strong></span> <span class='ocrx_word' id='word_1_237' title='bbox 1449 4411 1580 4480; x_wconf 87' lang='lat' dir='ltr'><strong>terras</strong></span> 
     </span>
     <span class='ocr_line' id='line_1_33' title="bbox 442 4529 1578 4632; baseline 0.002 -28"><span class='ocrx_word' id='word_1_238' title='bbox 442 4551 580 4622; x_wconf 89' lang='lat' dir='ltr'><strong>omnes,</strong></span> <span class='ocrx_word' id='word_1_239' title='bbox 598 4531 812 4608; x_wconf 85' lang='lat' dir='ltr'><strong>universam</strong></span> <span class='ocrx_word' id='word_1_240' title='bbox 831 4533 990 4632; x_wconf 89' lang='lat' dir='ltr'><strong>denique</strong></span> <span class='ocrx_word' id='word_1_241' title='bbox 1010 4541 1159 4630; x_wconf 83' lang='lat' dir='ltr'><strong>gentem</strong></span> <span class='ocrx_word' id='word_1_242' title='bbox 1186 4532 1298 4623; x_wconf 86' lang='lat' dir='ltr'><strong>iilam,</strong></span> <span class='ocrx_word' id='word_1_243' title='bbox 1328 4529 1499 4606; x_wconf 88' lang='lat' dir='ltr'><strong>omnibus</strong></span> <span class='ocrx_word' id='word_1_244' title='bbox 1520 4530 1578 4606; x_wconf 90' lang='lat' dir='ltr'><strong>in-</strong></span> 
     </span>
     <span class='ocr_line' id='line_1_34' title="bbox 442 4653 1578 4752; baseline 0.004 -22"><span class='ocrx_word' id='word_1_245' title='bbox 442 4653 653 4748; x_wconf 85' lang='lat' dir='ltr'><strong>commodis,</strong></span> <span class='ocrx_word' id='word_1_246' title='bbox 674 4655 916 4752; x_wconf 86' lang='lat' dir='ltr'><strong>cladibusque</strong></span> <span class='ocrx_word' id='word_1_247' title='bbox 935 4658 1130 4752; x_wconf 85' lang='lat' dir='ltr'><strong>adfectam,</strong></span> <span class='ocrx_word' id='word_1_248' title='bbox 1168 4666 1205 4733; x_wconf 84' lang='lat' dir='ltr'><strong>et</strong></span> <span class='ocrx_word' id='word_1_249' title='bbox 1234 4657 1279 4731; x_wconf 87' lang='lat' dir='ltr'><strong>de</strong></span> <span class='ocrx_word' id='word_1_250' title='bbox 1308 4655 1427 4732; x_wconf 88' lang='lat' dir='ltr'><strong>medio</strong></span> <span class='ocrx_word' id='word_1_251' title='bbox 1449 4656 1578 4734; x_wconf 86' lang='lat' dir='ltr'><strong>subla-</strong></span> 
     </span>
    </p>
   </div>
   <div class='ocr_carea' id='block_1_7' title="bbox 0 0 1818 5534">
    <p class='ocr_par' dir='ltr' id='par_1_8' title="bbox 0 0 1818 5534">
     <span class='ocr_line' id='line_1_35' title="bbox 0 0 1818 5534; baseline 0 6"><span class='ocrx_word' id='word_1_252' title='bbox 0 0 1818 5534; x_wconf 95' lang='lat' dir='ltr'><strong> </strong></span> 
     </span>
    </p>
   </div>
  </div>
 </body>
</html>
