3625 5534
510 530 558 579 nn
573 529 654 580 nus.
675 529 757 580 vno.
778 528 859 580 nac.
879 529 914 580 x.
932 529 966 581 n.
986 530 1062 580 vm.
1278 507 1352 584 171

474 1333 709 1432 LIBER
756 1332 1118 1436 OCTAVVS.

586 1623 760 1702 CAPVT
789 1624 1007 1702 PRIMVM.

394 1787 452 1861 De
470 1788 628 1862 advecto
637 1787 800 1885 Sponsae
818 1789 993 1864 bennam
1011 1787 1193 1866 aarum.

341 1969 561 2046 Destinatus
579 1971 702 2047 fuerat
720 1972 858 2070 nuptiis
877 1973 925 2047 X.
945 1971 1030 2047 Iulii
1050 1972 1141 2058 dies,
1173 1971 1241 2046 sed
1269 1996 1357 2069 quo-

226 2097 353 2172 minus
382 2097 428 2172 ad
458 2120 539 2173 eum
567 2097 699 2173 adduci
718 2095 866 2197 Sponsa
893 2098 1065 2198 potuerit,
1083 2099 1119 2171 in
1145 2120 1260 2174 causa
1277 2098 1356 2188 fuit,

224 2225 282 2299 uti
316 2246 430 2322 supra
458 2224 750 2314 memoravimus,
778 2225 991 2321 insperatus
1011 2223 1152 2300 sororis
1187 2222 1356 2323 Sponsae

226 2353 369 2444 obitus,
398 2351 460 2449 qui
488 2359 683 2450 postquam
703 2353 774 2428 iter
792 2351 865 2427 iam
885 2349 1033 2452 Sponsa
1059 2374 1140 2426 oum
1158 2357 1276 2426 matre
1302 2350 1356 2423 in·

226 2503 371 2576 gressa
389 2478 533 2571 fuisset,
551 2479 692 2578 ingenti
710 2503 790 2556 cum
810 2481 968 2556 omnium
988 2481 1114 2557 dolore
1134 2487 1171 2557 et
1189 2503 1354 2577 nonper-

225 2629 283 2680 vo
308 2613 465 2703 coeptae
483 2607 538 2682 rei
566 2606 824 2705 impedimento
854 2608 1072 2705 contigerat.
1102 2607 1209 2685 Vnde
1249 2604 1354 2681 varia

228 2733 349 2808 etiam
368 2731 550 2806 hominum
570 2731 704 2808 iudicia
723 2732 795 2808 huc
813 2731 902 2808 illuc
922 2755 1056 2830 sparsa
1074 2733 1188 2824 luere,
1207 2731 1357 2807 viduam

228 2857 445 2956 Principem
466 2857 694 2957 poenitentia
711 2859 800 2934 facti
820 2858 964 2934 ductam
983 2882 1060 2934 rem
1070 2857 1356 2958 procrastinare,

227 2994 266 3061 et
296 2982 401 3058 inani
429 3006 497 3084 spe
524 2982 731 3084 Principem
759 2985 942 3079 lactando,
969 2985 1053 3060 ideo
1080 2985 1198 3061 solum
1217 3008 1356 3060 moram

227 3137 275 3187 ex
298 3132 406 3186 mora
423 3117 581 3202 nectere,
602 3133 684 3209 quo,
705 3111 787 3209 quis
806 3111 855 3188 sit
873 3111 1112 3189 Turcicarum
1131 3110 1357 3189 molitionum

227 3244 392 3314 eventus
411 3237 566 3330 futurus,
587 3247 689 3313 certo
711 3247 1008 3335 cognosceretur,
1026 3246 1114 3315 tunc
1132 3261 1224 3331 eam,
1243 3237 1277 3312 si
1300 3261 1357 3312 re-

226 3387 313 3440 rum
335 3362 592 3462 Transylvaui
610 3365 827 3463 potirentur,
846 3366 1010 3465 Principi
1036 3364 1149 3441 liliam
1179 3338 1357 3455 daturam,

226 3515 302 3566 nec
323 3489 401 3564 alie
418 3489 457 3564 id
475 3489 683 3566 conditione
701 3493 893 3586 iacturam,
912 3493 985 3568 uisi
1004 3491 1196 3569 victoriam
1216 3514 1236 3566 e
1262 3491 1355 3566 Tur-

228 3617 285 3692 ois
308 3615 521 3715 reportarit.
542 3616 627 3691 Nou
645 3618 764 3694 minus
783 3617 893 3694 etium
913 3619 1061 3716 quidam
1080 3619 1118 3693 in
1148 3617 1186 3691 id
1215 3640 1356 3693 summo

227 3741 358 3820 studio
386 3741 664 3836 incumbebant,
702 3751 739 3819 et
778 3744 892 3820 variis
920 3745 1058 3822 libellis
1094 3743 1247 3821 famosis
1285 3743 1357 3817 buc

226 3867 323 3945 illuc
363 3867 543 3967 dispersis
580 3869 843 3968 Imperatoris,
871 3879 1148 3969 ceterorumque
1175 3868 1355 3946 Archide-

228 4019 330 4084 cum,
352 4001 463 4092 atque
482 3994 576 4070 adeo
597 3995 729 4073 viduae
749 3997 866 4096 ipsius
884 3997 1068 4096 Principis
1096 3997 1238 4073 animos
1266 3997 1355 4071 aba·

229 4119 413 4199 lienando
432 4119 471 4194 id
488 4120 742 4217 moliebantur,
754 4149 799 4200 ne
808 4124 989 4223 Princeps
1008 4125 1085 4200 voti
1105 4124 1151 4201 de
1169 4122 1353 4224 promisso

226 4245 467 4323 matrimonio
487 4269 637 4348 compos
656 4252 803 4327 tandem
821 4251 896 4328 ullo
916 4253 1022 4328 modo
1041 4254 1155 4330 lieret
1182 4249 1282 4327 Vicit
1299 4256 1355 4325 ta·

227 4398 318 4450 men
348 4373 497 4449 fortuna
524 4374 726 4476 Principis,
757 4380 820 4476 qui
848 4403 929 4457 eam
956 4401 1138 4479 uunquam
1176 4351 1356 4453 hacteuus

230 4522 435 4576 novercam
464 4509 639 4600 expertus
676 4504 816 4598 fuerat,
854 4506 921 4582 scd
957 4505 1175 4582 inoffensum
1210 4526 1356 4602 sempor

228 4628 315 4702 eius
336 4648 481 4701 cursum
500 4636 679 4705 tenuerat.
686 4631 814 4706 Missis
832 4633 958 4729 itaque
975 4633 1074 4708 ultro
1093 4631 1259 4729 citroque
1270 4629 1355 4705 aliis

229 4775 351 4857 super
362 4750 457 4830 alios
475 4754 631 4852 nunciis,
643 4756 738 4844 diem
757 4759 966 4858 nuptiarum
983 4761 1021 4837 in
1039 4759 1248 4857 Augustum
1257 4781 1355 4834 men·
