3625 5534
483 519 630 571 onnam
648 519 733 571 vno.
754 520 835 572 nec.
856 522 892 571 x.
913 523 946 572 n.
966 521 1003 573 n.
1247 499 1297 575 21

193 692 332 771 curandi
358 701 579 794 potestatem
605 694 642 770 in
669 697 884 796 praesentia
907 719 1022 792 penes
1051 722 1184 776 senon
1205 719 1301 790 esse,

194 823 310 898 adulta
325 823 397 899 iam
415 828 569 914 aestate,
585 845 680 918 qnae
699 831 895 923 antequam
915 825 1037 901 omnia
1045 851 1113 925 pro
1125 823 1301 902 Caesaris

195 951 373 1046 dignitate,
392 949 431 1025 in
450 973 539 1026 osus
558 950 650 1026 tanti
659 949 750 1026 belli
769 958 1037 1050 comparentur,
1057 953 1163 1029 citius
1181 953 1218 1027 in
1239 951 1301 1025 ad-

194 1098 313 1152 versas
330 1074 430 1151 bello
448 1081 707 1174 tempestates,
726 1075 968 1176 hyememque
986 1078 1106 1177 ipsam
1126 1077 1198 1154 sint
1216 1101 1298 1177 pro-

194 1207 353 1304 lapsura,
381 1225 507 1280 verum
527 1203 560 1278 si
581 1199 737 1281 Caesari
755 1204 945 1299 videatur,
975 1205 1137 1305 seipsum
1155 1206 1301 1316 posthc

194 1331 265 1407 bita
282 1331 414 1408 aetatis
433 1331 686 1423 excusatione,
706 1330 841 1407 faustis
859 1331 978 1431 ipsius
997 1332 1183 1432 auspiciis,
1204 1333 1299 1409 omni

198 1459 356 1560 praedae
374 1482 478 1535 mora
494 1459 534 1534 in
552 1455 688 1535 bellum
706 1459 962 1557 proiecturum.

502 1850 678 1933 OAPV'P
707 1851 977 1948 QVARTVM.

199 2039 247 2114 De
263 2034 397 2115 Sicano
417 2032 604 2110 Beilidace
622 2036 872 2130 commotast
886 2040 1062 2134 portentis
1072 2037 1298 2134 quibusdam.

294 2216 436 2294 Placuit
462 2215 532 2294 boc
550 2213 726 2308 Caesari,
745 2239 817 2292 non
837 2225 987 2294 assueto
1004 2216 1148 2293 bellicis
1166 2215 1301 2291 labori-

202 2347 272 2434 bus,
290 2352 325 2420 et
341 2351 473 2419 natura
484 2364 639 2441 corpore
649 2341 844 2436 imbecillo,
854 2342 1051 2441 statimqne
1066 2340 1203 2418 Sinano
1213 2340 1302 2417 belli

198 2473 411 2570 Imperatore
436 2468 552 2562 dicto,
582 2493 725 2554 omnem
743 2476 982 2570 potestatem,
1012 2478 1142 2546 cuncta
1157 2491 1224 2568 pro
1244 2492 1301 2544 ar-

197 2598 294 2673 bitrio
311 2597 554 2674 constituendi
573 2596 752 2673 attribuit.
770 2596 879 2673 Hanc
892 2597 1121 2694 provinciam
1131 2592 1300 2685 Sinanus,

199 2724 441 2821 octogenarius
458 2723 533 2799 iam
552 2745 685 2815 senex,
713 2745 787 2799 non
814 2730 889 2798 tam
909 2745 977 2799 sua
1000 2729 1132 2823 sponte
1160 2721 1300 2821 expeti-

199 2851 423 2949 ultraquam
439 2849 665 2927 necessitate
684 2849 874 2941 adductus,
903 2850 1093 2948 suscipere
1111 2849 1214 2926 visus
1233 2855 1301 2938 est,

200 2978 283 3076 quod
300 2986 422 3054 certus
440 2985 552 3070 esset,
572 2984 749 3076 acceptae
768 2976 868 3051 illins
887 2976 1023 3071 cladis,
1049 3000 1144 3075 quae
1163 2977 1201 3051 in
1220 2997 1301 3050 eum

200 3106 300 3182 solum
317 3104 408 3181 belli
425 3103 542 3203 ipsius
570 3101 763 3178 authorem
784 3102 1026 3197 redundaret,
1054 3102 1300 3200 ignominiam,

199 3231 226 3306 si
240 3231 330 3309 domi
355 3237 541 3323 maneret,
568 3236 686 3305 morte
715 3228 787 3304 sibi
816 3228 987 3305 luendam
1014 3251 1109 3304 esse.
1141 3228 1300 3306 Proinde

199 3365 334 3456 accepto
352 3380 520 3447 munere,
548 3355 750 3452 habitoque
769 3354 948 3430 acerrimo
974 3352 1127 3430 militum
1146 3354 1301 3448 delectu,

199 3507 266 3560 cum
281 3483 432 3561 urbanis
450 3481 605 3581 primum
623 3481 742 3581 copiis
752 3476 1074 3580 Constantinopoli
1085 3505 1300 3579 eggressus,

199 3613 322 3691 madro
340 3616 389 3690 ab
408 3615 500 3690 mbo
518 3613 641 3712 spatio
661 3618 787 3687 castra
805 3611 918 3708 ponit,
930 3619 971 3687 ut
989 3635 1035 3687 ea
1048 3613 1148 3688 fama
1167 3599 1318 3689 addncff‘

199 3740 238 3831 ti,
261 3741 385 3828 ceteri,
405 3739 467 3839 qui
486 3738 534 3814 ad
552 3741 688 3816 bellum
708 3738 909 3837 conscripti
929 3746 1065 3830 essent,
1084 3761 1127 3814 eo
1144 3740 1300 3814 celerius

200 3887 239 3940 ex
254 3866 418 3944 omnibus
436 3864 580 3963 imperii
598 3864 768 3962 partibus
788 3864 836 3940 ad
855 3887 897 3940 se
917 3865 1163 3940 convolarent.
1186 3863 1300 3941 Porta

198 3989 539 4092 Hadrianopolitana
558 3991 781 4089 egredienti,
811 4014 892 4068 oum
912 3991 1021 4088 signa
1049 3991 1094 4066 de
1112 4012 1213 4068 more
1237 3991 1300 4065 mi-

198 4117 282 4194 litari
297 4119 582 4220 praeferrentur,
602 4119 740 4218 inipso
760 4117 884 4194 statim
902 4125 1034 4216 portae
1054 4117 1315 4214 eailununumi

198 4266 236 4318 ex
252 4245 295 4322 iis
311 4245 660 4345 repenteinterram
671 4245 873 4344 delapsum,
891 4243 1183 4335 ¹acircumstante
1191 4244 1301 4319 turba

196 4381 336 4451 tractum
353 4376 393 4449 in
413 4397 519 4450 omen
536 4373 625 4466 fuit,
654 4375 838 4449 funestum
853 4372 996 4470 cunctis
1019 4372 1100 4462 eius
1117 4372 1206 4447 belli
1226 4371 1299 4447 eni-

197 4509 276 4590 tnm,
302 4502 375 4577 iam
394 4507 471 4581 tum
491 4501 622 4578 animis
640 4485 968 4600 praecipientibus}
978 4481 1198 4598 ‘illitorum'
1210 4472 1299 4596 'quo-

198 4649 257 4723 que
274 4627 651 4735 circumvolitantium,
663 4614 838 4726 dt't'bp'ids
850 4602 1185 4723 eidl'leq'leb'tnlb'j
1199 4603 1324 4700 'ta'nta''¹

199 4754 305 4832 noio
322 4755 382 4830 vo
400 4754 438 4830 n
455 4763 541 4832 aare
560 4728 750 4859 spasmo,
779 4725 1326 4845 st·monstltllnt'v'ttlsst'‚”'
