3625 5534
454 513 503 562 us
531 511 611 562 aas.
634 510 719 562 vuu.
740 511 823 565 nec.
842 515 877 565 x.
896 514 930 565 n.
950 513 1026 565 vm.
1246 487 1322 566 177

199 685 331 759 simum
369 685 424 759 cis
462 687 668 761 convivium
706 679 895 762 exhibuit(
920 687 965 761 In
1006 708 1049 761 eo
1082 687 1322 763 festivissime

196 809 393 908 Principes
430 811 577 911 excepti
615 811 826 909 donatique,
854 812 1037 910 singulari
1074 812 1222 888 tandem
1251 814 1321 888 sub

196 957 394 1035 vesperum
432 957 568 1034 pompa
604 937 642 1012 iu
679 959 802 1011 arcem
848 936 1017 1028 rediere,
1062 936 1188 1035 ibique
1226 937 1322 1011 diem

196 1060 415 1136 dominicum
470 1061 766 1138 solemnitatibus
823 1064 1048 1162 nuptialibus
1099 1062 1321 1139 destinatum

198 1187 322 1284 quiete
359 1191 649 1287 praestolarere.
701 1189 758 1262 Eo
804 1189 1037 1284 adventante,
1083 1189 1230 1264 circiter
1257 1189 1322 1265 bo-

197 1337 275 1387 ram
295 1337 432 1389 nonam
452 1315 666 1390 matutinam
684 1315 859 1414 templum
880 1311 1048 1415 Sponsus
1076 1337 1157 1390 cum
1176 1311 1322 1413 Sponsa

200 1439 415 1515 solemniter
442 1439 650 1532 introducti,
671 1443 882 1518 concionem
909 1464 1056 1516 sacram
1090 1441 1321 1530 audiverunt,

197 1587 280 1638 mox
300 1564 388 1639 inde
407 1567 552 1663 egressi
571 1564 1182 1664 regiumnuptialequeconvivium
1201 1567 1321 1641 celeb·

199 1714 343 1767 revere.
362 1692 420 1776 Eo
440 1693 611 1768 absoluto
631 1695 668 1768 in
686 1694 864 1792 templum
891 1714 1022 1768 rursus
1052 1693 1322 1790 regrediuntur,

200 1824 235 1892 et
261 1817 468 1892 orationem
494 1816 650 1894 latinam
667 1820 716 1894 ab
744 1817 939 1916 Alphonso
967 1815 1123 1894 Oarillio
1150 1819 1322 1918 Hispano

200 1942 434 2040 Theologiae
463 1944 627 2021 Doctore
654 1944 820 2020 habitam
848 1968 918 2021 sua
948 1945 1162 2043 praesentia
1180 1954 1322 2020 omant.

200 2067 243 2143 In
279 2093 329 2146 ea
347 2069 563 2169 Alphonsus
593 2073 782 2148 celebrata
805 2069 1029 2147 Austriacae
1048 2071 1322 2169 Bathoriaeqne

199 2195 374 2290 familiae,
393 2219 472 2273 cum
492 2197 723 2295 antiquitate,
741 2204 819 2272 tum
838 2197 1029 2294 dignitate,
1050 2204 1209 2294 quantas
1227 2196 1322 2273 hacc

200 2319 538 2417 antiquissimarum
558 2322 712 2400 duarum
729 2324 951 2400 familiarum
971 2325 1168 2422 copulatio,
1195 2333 1323 2423 poten-

199 2445 496 2546 tissimorumque
514 2473 713 2546 regnorum
741 2450 921 2526 connexio
947 2450 1121 2525 habitura
1149 2449 1200 2524 sit
1227 2473 1322 2525 com-

202 2570 410 2669 moditates,
429 2583 467 2652 et
485 2583 659 2673 quantum
678 2577 846 2677 paritura
864 2578 1198 2671 emolumentorum,
1227 2581 1324 2679 copi-

201 2718 264 2774 ose
283 2698 462 2795 declarat,
481 2705 722 2801 omnibusque
740 2703 875 2780 faustis
902 2709 1087 2778 tantorum
1113 2702 1324 2800 Principum

200 2825 351 2922 nuptias
369 2829 618 2927 prosequitur.
652 2827 725 2905 His
744 2828 923 2906 confectis
950 2826 988 2900 in
1006 2824 1192 2903 Palatium
1219 2830 1324 2905 rede·

200 2959 273 3045 unt,
302 2960 342 3028 et
367 2955 498 3052 epulas
525 2955 761 3054 vespertinas
779 2954 922 3052 ingenti
941 2977 1022 3030 cum
1040 2955 1176 3052 plausu
1203 2956 1324 3031 celeb

200 3085 293 3153 rant
316 3119 365 3131 -
384 3077 570 3156 Postridie
587 3081 796 3180 Principem
817 3077 1079 3177 Caesareoque
1098 3101 1238 3178 genero
1257 3105 1322 3156 na-

201 3209 276 3278 tam
312 3227 466 3282 uxorem
493 3209 637 3284 solemri
674 3231 755 3283 cum
791 3227 928 3305 pompa
964 3206 1238 3282 introducentes
1283 3205 1323 3280 in

201 3331 388 3430 templum,
406 3339 444 3408 et
461 3334 574 3411 altari
596 3335 818 3411 assistentes
837 3331 1054 3431 Alphonsus
1081 3357 1104 3408 e
1129 3331 1323 3408 vicecomi·

202 3457 300 3534 tibus
309 3457 1324 3561 Mediolanensibus,EpiscopusCerviensis,etnunoius

202 3607 269 3684 pro
298 3595 465 3686 tempore
482 3589 721 3689 apostolicus,
748 3587 892 3665 solenni
919 3587 993 3663 ritu
1019 3586 1259 3673 confirmavit,
1287 3593 1326 3662 et

201 3715 336 3792 faustis
356 3715 524 3792 omnibus
543 3715 819 3791 sacratissimas
838 3714 954 3788 hasce
971 3711 1121 3810 nuptias
1138 3734 1208 3808 pro
1222 3731 1325 3784 more

202 3849 421 3942 prosecutus
449 3849 519 3917 est.
546 3841 636 3917 Mox
665 3840 803 3939 templo
832 3837 981 3936 egressi
1006 3836 1126 3933 epulis
1145 3856 1187 3910 se
1204 3855 1323 3931 popu·

201 3969 349 4067 lumque
393 3969 570 4044 refecere.
626 3964 702 4042 Sed
736 3989 783 4041 nc
827 3966 956 4063 plures
1003 3958 1072 4061 (uti
1115 3961 1154 4034 in
1194 3982 1324 4056 regum

202 4095 480 4194 principumque
529 4091 771 4168 matrimoniis
816 4086 1049 4166 celebrandis
1094 4083 1176 4160 lieri
1212 4079 1323 4182 solet)

203 4217 429 4318 nuptialibus
464 4217 727 4294 festivitatibus
764 4214 845 4290 dies
872 4213 1140 4302 tribuerentur,
1177 4211 1323 4305 epulum

204 4346 387 4445 publicum
407 4344 568 4436 daretur,
579 4343 685 4418 varia
703 4339 997 4439 spectaculorum
1015 4357 1156 4433 genera
1173 4333 1325 4409 ederen-

203 4479 271 4564 tur,
291 4469 526 4567 cquestriave
545 4467 749 4544 certamina
767 4467 1038 4553 exercerentur,
1047 4455 1206 4535 missilia
1219 4480 1325 4556 spar-

205 4603 392 4692 gerentur,
420 4603 547 4670 cetera
573 4594 623 4669 ad
659 4591 916 4670 ostentandam
951 4585 1124 4685 publicae
1159 4581 1324 4660 laetitiae

203 4715 509 4819 significationem
523 4717 799 4796 accommodata
807 4712 1164 4803 administrarentur,
1173 4706 1325 4784 rumori-

243 4877 356 4918 uosvu.
369 4877 459 4918 nvnc,
472 4875 774 4918 fflsu.-scs1?T0uus
792 4872 860 4914 xvir.
1178 4851 1219 4912 12
