3625 5534
468 469 517 543 76
848 487 898 537 10.
922 483 1023 535 nucu
1042 481 1192 533 snuovn

469 689 559 755 sum,
580 664 712 738 deinde
732 660 960 758 Belgradum
980 655 1092 733 etiam
1106 660 1340 756 pervenisse,
1359 662 1444 738 inde
1454 663 1599 759 aliquot

465 789 603 865 dierum
624 789 747 886 quiete
764 787 916 862 refectis
935 783 1113 859 militibus
1130 783 1179 857 ad
1196 784 1290 861 fines
1308 809 1526 885 properare,
1541 811 1597 863 re·

467 915 697 990 nunciarunt.
717 911 861 1005 Quibus
880 917 1082 986 commotus
1104 907 1258 1004 Caesar,
1278 913 1389 1011 idque
1409 915 1519 989 simul
1539 937 1599 988 ve·

465 1038 570 1129 ritus,
588 1059 636 1113 ne
654 1034 812 1134 Vagati,
832 1036 991 1110 remissa
1011 1033 1110 1109 omni
1128 1034 1368 1132 imposterum
1388 1038 1596 1113 animorum

467 1164 613 1255 fiducia,
632 1162 804 1238 hostibus
822 1169 1046 1262 potestatem
1066 1161 1123 1236 sui
1140 1161 1319 1254 facerent,
1351 1163 1504 1238 comitor
1534 1187 1599 1262 ap

467 1290 629 1388 pellatos
647 1288 827 1385 Legatos,
847 1289 1033 1385 extemplo
1062 1285 1111 1361 ad
1138 1307 1227 1363 suos
1251 1288 1373 1364 redire
1400 1288 1521 1380 iussit,
1553 1312 1599 1364 ea

469 1437 537 1512 spe
556 1415 725 1508 imbutos,
745 1415 868 1490 nullas
898 1434 940 1488 se
968 1413 1006 1486 in
1034 1434 1160 1488 eorum
1188 1415 1310 1489 salute
1325 1415 1600 1514 propugnanda

334 1640 344 1650 ³
469 1539 606 1638 optimi,
626 1540 857 1637 amantisque
885 1560 1035 1614 suorum
1062 1536 1249 1638 Prinoipis
1275 1547 1403 1637 partes
1429 1545 1599 1637 praeter-

469 1665 675 1758 missurum,
696 1667 893 1763 omniaque
914 1665 1039 1740 statim
1059 1664 1107 1739 ad
1122 1666 1259 1772 bellum
1277 1667 1504 1751 necessasia,
1533 1664 1598 1741 mi·

468 1790 567 1887 lites,
587 1814 700 1885 arma,
720 1791 915 1891 pecuniam
935 1791 1213 1884 submissurum,
1234 1793 1365 1868 darent
1383 1792 1491 1868 modo
1511 1813 1599 1891 ope·

467 1938 557 2008 ram,
576 1925 617 1992 ut
634 1917 793 2012 oollatis,
814 1917 947 2015 quibus
959 1924 1123 2016 possent,
1135 1916 1287 2008 viribus,
1298 1919 1415 1994 furori
1433 1917 1598 1994 bostium

469 2040 705 2135 obsisterent,
726 2043 843 2118 donee
862 2042 962 2117 auoti
980 2042 1183 2117 maioribus
1201 2043 1329 2142 eopiis,
1350 2043 1398 2118 ad
1416 2043 1491 2117 vim
1511 2063 1598 2142 pro·

469 2167 699 2267 pulsandam,
718 2171 781 2245 vel
800 2175 930 2267 sponte
948 2167 1059 2243 etiam
1077 2167 1320 2260 inferendam,
1341 2191 1383 2244 se
1402 2191 1598 2270 eompara-

469 2308 563 2377 rent
582 2293 720 2372 Soribit
749 2294 797 2369 ad
834 2292 1083 2369 Arohiduoem
1121 2295 1234 2369 etiam
1260 2294 1457 2370 Mattbiam
1487 2294 1596 2370 Priu-

470 2427 599 2524 eipem,
614 2421 809 2520 Vngariae
828 2419 1045 2517 Proregem,
1064 2428 1105 2495 nt
1115 2419 1339 2496 demandata
1358 2429 1596 2520 quamatten·

468 2529 614 2626 tissima
642 2571 769 2623 earum
796 2547 1003 2623 rectoribus
1022 2547 1295 2646 provinciarum
1315 2571 1420 2642 eura,
1433 2547 1523 2623 totis
1544 2547 1598 2620 vi-

470 2677 573 2752 ribus
592 2675 722 2750 hostes
741 2698 765 2748 a
783 2673 919 2750 finibus
939 2696 1067 2748 eruere
1088 2681 1248 2750 oonetus.
1275 2672 1413 2770 Verum
1434 2671 1599 2748 Sinanns

468 2800 638 2899 nuspiam
659 2807 862 2891 annotatus,
900 2799 1077 2874 torrentis
1105 2800 1233 2890 instar,
1271 2799 1382 2875 obvia
1402 2821 1598 2896 quaequae

469 2934 722 3028 prosternens,
740 2926 815 3001 iam
833 2932 919 3017 tum,
940 2933 981 3000 ut
1000 2925 1168 3018 diximus,
1193 2927 1302 3001 finem
1331 2925 1487 3019 gerendi
1506 2925 1600 3000 belli

470 3055 622 3147 fenerat,
643 3076 723 3129 oum
747 3051 894 3149 Vngari
923 3050 972 3127 ad
999 3074 1102 3127 arma
1129 3052 1251 3143 exciti,
1280 3059 1454 3148 quantum
1482 3051 1523 3128 in
1551 3075 1598 3126 ea

472 3181 646 3278 angustia
663 3179 842 3278 temporis
868 3184 1051 3275 poterant,
1079 3177 1249 3253 hostibus
1279 3177 1426 3253 obviam
1443 3175 1501 3252 iro
1520 3199 1597 3250 ma·

468 3306 654 3379 tutabant

791 3763 967 3841 CAPVT
996 3763 1265 3840 OOTAVVM.

440 4041 444 4046 .
526 3969 585 4042 De
613 3967 836 4065 expeditione
863 3965 1089 4064 Vnparorum
1119 3961 1169 4036 nd
1187 3961 1318 4038 Album
1336 3987 1450 4060 eaeque
1470 3963 1542 4038 Re-

909 4089 1027 4188 potem
1035 4084 1156 4185 foeta.

579 4305 640 4380 Au
659 4305 847 4381 laurinum
864 4305 984 4405 primo
1005 4303 1177 4380 mandato
1203 4301 1425 4379 Arohidueis
1463 4325 1599 4380 eonve-

471 4432 585 4522 niuut,
606 4453 687 4506 oum
707 4428 783 4505 alia
803 4431 923 4507 omnis
943 4452 1069 4505 earnm
1089 4429 1282 4525 regionum
1300 4427 1490 4518 nobilitas,
1520 4435 1600 4504 tum

472 4556 651 4655 imprimis
671 4555 763 4630 olari
781 4553 913 4630 militia
932 4554 1044 4630 dones
1064 4551 1255 4650 Georgius
1274 4551 1408 4627 Comes
1436 4551 1600 4648 Zrinins,

474 4679 699 4758 Franoisous
718 4679 952 4774 besantius,
990 4680 1169 4756 Nioolam
1197 4677 1376 4755 Palffins.
1407 4699 1487 4754 eum
1517 4679 1599 4754 suis
