3625 5534
482 499 559 577 298
883 520 930 570 1o.
949 485 1051 569 bnon
1070 521 1220 571 naurovn

476 699 599 789 tiatur,
628 699 760 773 evitari
779 719 851 770 non
869 717 993 793 posse,
1023 694 1112 793 quin,
1129 693 1335 773 Catholicis
1363 701 1599 798 posthabitis,

477 823 767 899 Protcstaotium
786 822 920 917 religio
939 820 1058 895 indies
1088 823 1207 918 magis
1227 831 1339 921 atque
1357 828 1479 924 magis
1499 829 1597 903 inva-

475 953 604 1044 lescat,
633 951 734 1026 etin
762 956 840 1022 tota
867 947 1020 1043 regione
1039 957 1277 1046 propagetur.
1317 949 1389 1026 His
1409 955 1523 1029 rebus
1544 978 1599 1030 ae

476 1079 605 1175 ceptis,
641 1073 847 1150 incredibili
876 1073 1004 1147 dolore
1034 1071 1215 1172 Princeps
1243 1077 1397 1151 affectus
1436 1089 1506 1169 est,
1545 1081 1602 1178 qni

475 1204 599 1279 taedio
619 1200 898 1299 gubernationis
927 1220 1122 1295 rerumque
1141 1199 1307 1290 aliarum,
1338 1224 1434 1298 quae
1464 1203 1601 1280 charis·

477 1331 593 1405 simae
611 1327 828 1403 mortalibus
858 1347 943 1400 esse
974 1326 1114 1416 solent,
1147 1326 1200 1401 ita
1228 1334 1357 1425 captus
1385 1329 1529 1422 tuerat,
1566 1339 1601 1404 ut

477 1457 647 1530 discessu
665 1455 739 1528 iam
758 1452 851 1526 nibil
870 1451 1057 1549 antiquins
1076 1449 1240 1529 haberet.
1281 1449 1358 1527 Sed
1376 1461 1503 1529 tamen
1524 1479 1600 1530 cum

477 1579 671 1656 simulandi
691 1579 795 1653 iuxta
815 1586 927 1675 atque
948 1578 1215 1668 dissimulandi,
1235 1578 1357 1674 magis
1377 1603 1486 1676 quam
1507 1581 1601 1656 ullus

475 1708 582 1800 alius,
602 1707 743 1804 peritus
763 1713 884 1795 esset,
914 1712 1018 1778 tanta
1046 1704 1157 1778 animi
1178 1705 1428 1800 magnitudine
1457 1728 1600 1782 omnem

475 1840 690 1931 conceptam
708 1832 800 1907 iram
826 1829 1085 1920 dissimulavit,
1114 1838 1153 1904 ut
1180 1831 1320 1906 maiore
1340 1832 1462 1924 etiam,
1496 1857 1602 1930 quam

476 1967 587 2035 antea
616 1961 750 2046 amore,
784 1954 1055 2030 Cancellariam
1085 1956 1260 2054 prosequi
1292 1957 1490 2032 videretur.
1529 1957 1603 2034 Sed

473 2086 569 2159 baec
597 2105 640 2157 eo
661 2083 841 2156 duntaxat
868 2080 1031 2155 faciebat
1049 2077 1254 2180 Princeps,
1280 2105 1326 2156 ne
1346 2079 1604 2158 Cancellarius

347 2203 350 2206 ’
475 2211 623 2306 cognito
642 2208 807 2283 facinore
826 2231 903 2301 suo,
933 2208 993 2282 vel
1011 2207 1239 2304 profugeret,
1267 2206 1326 2283 vel
1345 2208 1550 2306 periculum
1569 2211 1603 2286 ei

376 2377 382 2389 ·
475 2336 699 2410 conciliaret.

932 2585 1075 2593 ——--—
1083 2585 1129 2592 --—-

795 2814 971 2892 OAPVT
1012 2815 1280 2894 OOTAVVM.

473 2999 533 3072 De
564 2999 727 3074 Conaitiis
762 3002 945 3072 renovatis
973 2999 1133 3074 adventu
1160 2998 1385 3097 Lepuloram,
1423 3014 1598 3096 captoque

840 3121 972 3198 Josita
993 3121 1233 3199 Ooocellurio.

579 3322 792 3419 Legaverat
809 3320 953 3398 Caesar
972 3320 1191 3421 Rudolphus
1219 3323 1256 3398 in
1285 3321 1598 3422 Transylvaniam

473 3447 700 3546 Stephanum
719 3449 898 3525 Zuhaium
918 3449 1144 3549 Episcopum
1165 3449 1388 3525 Vacicnsem
1407 3473 1454 3525 ac
1473 3448 1599 3525 Oame·

472 3599 537 3652 rae
557 3575 772 3671 Vngaricae
791 3577 1033 3670 Praefectum,
1053 3577 1170 3651 virum
1191 3577 1407 3675 sapientem,
1427 3577 1599 3653 Francis·

476 3726 556 3778 cum
594 3701 824 3778 Nadasdium
846 3701 1025 3779 Comitem
1057 3701 1314 3796 Castriierrei,
1343 3712 1380 3777 et
1406 3701 1599 3780 Bartholo-

475 3851 617 3904 maeum
638 3826 858 3922 Pezzenum,
889 3828 980 3903 iuris
1011 3829 1201 3926 utriusque
1220 3830 1431 3904 Doctorcm.
1468 3831 1530 3904 Ex
1554 3829 1598 3902 iis
1728 3823 1729 3851 ¹

472 3954 687 4031 Nadasdius
705 3958 834 4033 morbo
854 3964 1047 4055 correptus
1067 3957 1228 4033 Posonio
1249 3957 1393 4034 domum
1411 3957 1533 4048 rediit,
1557 3979 1598 4028 ae

473 4103 541 4178 pro
569 4102 613 4155 eo
632 4081 810 4157 Nicotaus
838 4082 994 4158 Istvtnti
1013 4082 1284 4159 Locumtenens
1304 4083 1498 4158 Palatinus
1526 4080 1598 4157 Vn·

473 4206 604 4304 gariae
621 4208 756 4283 missus
777 4218 844 4284 est.
863 4207 916 4282 Hi
935 4217 1022 4308 post
1040 4210 1189 4305 longam
1208 4209 1487 4306 taediosamque
1505 4205 1597 4282 ordi·

473 4355 557 4408 num
578 4335 882 4431 expectationem,
902 4334 1086 4411 advenere
1096 4335 1244 4411 tandem
1263 4335 1301 4409 in
1312 4331 1471 4411 Comitia
1490 4333 1537 4408 ad
1550 4333 1596 4408 ll.

471 4459 567 4534 diem
588 4456 742 4557 Aprilis,
762 4461 959 4557 magnifica
977 4460 1177 4538 Procerum
1195 4483 1332 4560 pompa
1354 4458 1511 4556 excepti.
1541 4458 1597 4532 Ex

472 4581 520 4658 iis
537 4592 660 4661 tamen
679 4586 860 4662 Nicolaus
879 4589 1046 4682 Istvtnfi,
1076 4587 1133 4662 vir
1162 4585 1355 4662 etaetatis
1382 4584 1534 4673 honore,
1563 4587 1598 4656 et
1724 4615 1725 4634 ÷

471 4732 608 4807 magna
644 4735 764 4791 rerum
803 4713 1052 4815 experientia,
1089 4711 1464 4814 incomparabilisque
1500 4707 1597 4784 illius
