3625 5534
503 488 752 539 nuncnunc.
775 489 854 539 nac.
876 489 910 541 x.
931 492 962 539 n.
982 491 1029 541 vr.
1246 463 1320 542 117

207 685 276 759 que
296 662 345 737 ad
361 662 553 738 Pestinum
570 685 696 759 nsque,
713 663 988 759 direptionibus,
1009 689 1052 739 ac
1061 665 1240 740 incendiis
1261 667 1324 739 ab·

204 797 447 886 sumpserunt,
466 797 503 864 et
521 799 615 863 anno
635 788 776 878 deinde,
787 797 982 886 postquam
1002 791 1316 888 irrupsissent,se-

205 915 337 1011 quenti,
356 903 568 1011 ingentibus
588 937 668 988 cum
714 916 864 1013 spoliis,
898 938 952 1006 eo,
997 916 1093 991 unde
1130 926 1320 1008 venerant,

204 1039 402 1115 redierunt.
423 1040 724 1115 Tertiumeorum
743 1040 880 1115 bellum
909 1042 1087 1116 adversus
1118 1042 1322 1138 Vngariam

205 1165 346 1239 exstitit
372 1166 549 1241 memoria
567 1174 713 1263 patrum
732 1174 948 1259 nostrorum,
979 1191 1050 1264 quc
1071 1175 1235 1266 tempore
1256 1165 1322 1244 so-

204 1291 366 1386 lymanni
386 1287 563 1369 caesaris
582 1293 805 1369 authoritate
826 1293 948 1386 exciti,
967 1303 1094 1392 partes
1120 1295 1323 1391 superioris

205 1417 395 1509 Vngariae
413 1416 521 1509 ultra,
542 1418 708 1514 citraque
728 1418 932 1515 Tybiscum
960 1420 1035 1494 late
1056 1407 1323 1503 dis'cursarunt,

203 1544 362 1641 praedas
384 1545 601 1641 abegerunt,
621 1553 657 1619 et
675 1546 865 1621 innumera
882 1543 1073 1641 uniusque
1103 1565 1215 1619 sexus
1234 1546 1323 1620 mul-

203 1669 355 1746 titudine
392 1671 575 1745 hominum
594 1671 632 1744 in
649 1670 900 1746 tristissimam
920 1670 1133 1745 servitutem
1153 1669 1323 1751 abducta,

203 1803 396 1892 postquam
425 1792 672 1893 Solymannus
701 1795 868 1893 Zigctho,
898 1795 1096 1893 Gyulaque
1124 1798 1273 1893 potitus,
1300 1822 1321 1873 e

203 1922 310 1995 rebus
329 1920 500 1997 humanis
528 1923 764 2008 excessisset,
802 1924 839 1998 in
869 1921 1061 2023 Scythiam
1092 1924 1321 1999 abscessere.

204 2046 309 2122 Anno
327 2048 521 2146 posthaec
536 2071 633 2126 nono
653 2058 690 2124 et
708 2050 899 2146 vigesimo,
920 2073 1000 2125 cum
1020 2049 1124 2125 multi
1134 2050 1253 2126 adhuc
1265 2073 1323 2125 su-

205 2182 401 2272 peressent
437 2197 468 2249 e·
496 2175 680 2269 Tartaris,
718 2175 779 2272 qni
798 2177 915 2250 diram
936 2178 1036 2251 illam
1048 2176 1238 2272 Vngariae
1259 2175 1321 2250 de·

205 2300 447 2375 vastationem
461 2300 712 2397 degustarant,
723 2304 833 2377 velut
842 2301 1320 2378 manumissionemeservi-

201 2433 275 2500 tute
304 2426 555 2523 impetrarent,
591 2428 762 2503 abiurata
790 2427 1004 2504 Christiana
1032 2427 1221 2524 religione,
1242 2427 1319 2502 Ma-

201 2551 458 2627 humethanam
478 2553 637 2650 amplexi
656 2553 815 2645 fuerant,
842 2552 1163 2629 sollicitationibus
1183 2549 1320 2628 Caesa-

202 2678 296 2752 saris
315 2675 542 2767 Amurathis,
571 2702 616 2754 ac
635 2676 764 2755 Sinani
783 2680 929 2755 Bassae
956 2701 1028 2754 non
1058 2677 1255 2754 difficulter
1274 2701 1319 2755 co

201 2827 239 2879 se
256 2805 399 2903 impelli
417 2806 520 2903 passi
541 2813 635 2896 sunt,
654 2814 694 2881 ut
712 2815 888 2903 quartam,
899 2813 937 2880 et
947 2806 1084 2880 utinam
1093 2812 1318 2903 postremam

199 2931 233 3004 in
252 2931 458 3028 Vngariam
488 2930 671 3007 martialis
699 2932 776 3005 ludi
804 2932 924 3006 aleam
944 2932 1186 3029 susciperent,
1207 2953 1319 3027 expe-

199 3056 371 3131 ditionem
390 3080 435 3131 eo
454 3066 597 3150 conatu,
626 3066 663 3131 et
691 3059 798 3155 quasi
826 3080 951 3132 secum
974 3057 1048 3155 ipsi
1077 3057 1261 3148 certaturi,
1283 3065 1319 3131 ct

199 3183 425 3282 superiorum
451 3190 654 3283 temporum
679 3184 943 3275 crudelitatem,
972 3183 1138 3260 inaudita
1165 3181 1314 3258 diritate

199 3311 416 3408 superaturi,
434 3311 526 3386 talia
543 3312 710 3387 facinora
724 3311 885 3400 ederent,
905 3310 1030 3409 qualia
1048 3333 1094 3384 ne
1112 3310 1224 3385 lando
1241 3307 1318 3407 qui·

197 3433 276 3509 dem
304 3437 481 3511 mortales
508 3437 747 3512 audivissent.
787 3435 839 3511 Vt
868 3444 992 3512 tamen
1021 3436 1236 3514 documento
1268 3434 1318 3508 sit

198 3557 419 3637 Christianis
438 3563 684 3663 Principibus,
704 3587 785 3638 cum
806 3563 978 3661 qualibus
1007 3587 1078 3638 non
1107 3563 1190 3639 dico
1208 3561 1319 3636 homi-

196 3687 314 3778 nihus,
335 3689 403 3762 sed
420 3690 605 3782 monstris,
625 3713 670 3765 ac
688 3688 822 3764 belluis
841 3689 1043 3764 teterrimis
1062 3687 1250 3784 negotium
1269 3687 1319 3761 sit

196 3811 301 3911 ipsis:
337 3813 455 3889 msam
484 3824 541 3891 est
567 3817 638 3891 hoc
664 3817 760 3908 loco,
785 3837 893 3891 unum
913 3823 1023 3912 atque
1042 3815 1197 3889 alterum
1216 3813 1317 3888 inau-

196 3937 294 4014 ditae
313 3940 544 4017 crudelitatis
564 3963 690 4019 eomm
710 3943 917 4038 exemplum
936 3939 973 4014 in
993 3941 1127 4037 vulgus
1143 3938 1314 4018 ederent

195 4065 239 4139 iis
257 4065 330 4141 iam
359 4067 506 4143 tandem
536 4066 738 4144 Christiani
767 4067 1032 4167 expergefacti,
1061 4066 1204 4141 discant
1230 4087 1318 4140 uua-

194 4191 280 4266 nimi
299 4213 482 4269 consensu
509 4195 647 4271 bellum
670 4195 708 4269 in
735 4195 917 4270 barbaros
952 4193 1153 4290 suscipere.
1192 4191 1317 4267 Ludus

193 4315 261 4396 tuit
277 4317 373 4419 ipsis
403 4344 448 4396 ao
466 4322 567 4397 iocus
586 4322 747 4396 infantes
755 4322 794 4396 in
804 4330 894 4396 a'era
904 4321 1090 4420 proiectos
1117 4320 1317 4410 dissecare,

193 4444 252 4518 vel
270 4447 371 4546 palis
391 4449 584 4545 vagientes
603 4449 853 4524 cervicetenus
873 4448 1040 4544 attigere.
1063 4445 1163 4521 Nulli
1183 4465 1315 4543 prope·
1337 4519 1343 4526 .

196 4573 339 4650 modum
357 4574 450 4665 viro,
468 4576 528 4651 vel
548 4575 659 4651 etiam
678 4574 972 4673 provectioribus
997 4579 1119 4648 aetate
1146 4567 1316 4646 foeminis

195 4721 406 4799 pepercere,
445 4701 512 4776 sed
548 4723 677 4775 omnes
705 4701 786 4776 sine
824 4699 899 4774 ullo
935 4698 1071 4773 aetatis
1105 4705 1168 4774 aut
1204 4716 1316 4772 sexus
