3625 5534
528 541 577 591 nn
592 540 672 593 nnn.
691 538 777 591 vna.
797 539 882 591 nnc.
902 541 937 590 x.
956 541 989 591 n.
1009 545 1046 594 x.
1273 518 1348 596 251

224 718 388 791 romono
407 715 532 806 fluvio,
559 715 702 806 itinera,
735 715 868 810 quibus
887 715 1032 790 Bassae
1055 719 1268 793 necessario
1289 721 1352 795 ab·

228 841 382 918 eundum
410 849 501 933 erat,
531 842 686 916 trecenti
713 841 859 916 circiter
886 839 1102 917 insiderant.
1134 843 1257 920 Bassa
1277 847 1352 922 To-

226 971 399 1042 mdsvaro
419 967 624 1064 digressus,
652 975 690 1040 et
707 966 781 1040 iam
810 973 985 1063 superato
1004 966 1117 1043 fluvio
1146 968 1185 1043 in
1212 977 1289 1046 tuto
1311 993 1352 1046 se

227 1095 385 1193 positum
414 1102 528 1186 ratus,
555 1094 808 1168 invalescente
828 1100 945 1184 nocte,
977 1094 1044 1167 scd
1062 1095 1251 1171 funalibus
1271 1120 1353 1172 eam

228 1220 461 1297 vincentibus
479 1242 523 1294 eo
541 1243 661 1318 usque
681 1241 906 1317 progressus
927 1227 995 1310 est,
1025 1218 1142 1295 donee
1160 1221 1197 1297 in
1215 1246 1351 1321 pagum

227 1347 375 1422 tandem
393 1347 572 1444 quendam
591 1346 802 1422 diverteret.
822 1344 985 1436 Pedites,
1005 1369 1087 1420 cnm
1107 1369 1154 1422 ex
1163 1348 1351 1425 funalibus

228 1474 442 1570 crebrisque
457 1474 603 1571 lychnis
618 1481 730 1549 noctu
737 1471 1042 1547 interlucentibus
1053 1473 1250 1560 adventum
1260 1477 1352 1550 Bas·

228 1623 292 1676 sae
312 1600 587 1695 cognovissent,
615 1600 787 1697 imposito
807 1597 920 1672 sociis
940 1598 1101 1690 silentio,
1120 1600 1259 1676 tamdiu
1278 1603 1354 1699 qni·
1388 1667 1395 1678 .

228 1733 392 1819 everunt,
411 1726 527 1800 donec
545 1726 735 1802 Barbaros
763 1724 1084 1823 appropinquasse
1113 1728 1350 1825 comperiunt.
1468 1743 1472 1751 '

227 1853 316 1928 Mox
328 1851 550 1949 intempesta
568 1861 676 1926 nocte
687 1852 878 1927 Barbaros
888 1850 1166 1946 aggrediuntur,
1178 1860 1215 1932 et
1225 1875 1351 1929 omnes

230 1980 321 2070 lere,
330 1949 458 2077 paucis
468 1981 560 2075 fuga
572 1979 724 2079 elapsis,
734 1977 930 2053 trucidant.
950 1980 994 2053 ln
1011 1978 1352 2076 elapsorumnume·

229 2101 539 2195 rofuitetBassa,
565 2103 717 2201 quicum
728 2127 774 2178 ex
785 2103 1030 2178 Facsadiensi
1041 2103 1147 2178 clade
1158 2106 1354 2198 evasisset,

231 2231 373 2306 cladem
391 2241 516 2308 tamen
543 2231 647 2323 banc,
672 2230 740 2305 illa
760 2231 1000 2320 acerbiorem,
1019 2236 1259 2328 praevertere
1279 2255 1352 2307 non

229 2358 367 2454 potuit:
387 2358 523 2457 quippe
542 2356 903 2456 domesticasemper
922 2357 1055 2452 magis,
1075 2380 1181 2454 quam
1203 2359 1352 2456 publica

229 2482 395 2558 homines
423 2483 597 2559 afficiunt.
644 2487 703 2560 Ita
731 2505 997 2582 saepenumero
1034 2483 1171 2558 fatales
1207 2508 1350 2582 poenae

231 2608 370 2684 differri
386 2619 552 2708 possunt,
570 2611 683 2685 vitari
701 2619 895 2707 nequeunt.
916 2606 1037 2707 Capta
1056 2617 1141 2684 sunt
1160 2617 1196 2684 et
1212 2612 1351 2703 ablata,

234 2743 381 2834 praeter
399 2760 571 2846 magnum
590 2759 779 2812 numerum
798 2736 996 2811 illustrium
1014 2737 1239 2832 feminarum,
1260 2761 1353 2836 quas

229 2861 266 2936 in
282 2861 421 2938 tutiora
439 2864 621 2961 primores
635 2864 886 2939 Barbarorum
905 2862 1143 2938 abducendus
1163 2864 1352 2954 curabant,

229 2988 376 3064 LXXV
421 2989 568 3064 circiter
604 2991 773 3089 plaustra
818 2989 1100 3088 pretiosissimis
1146 2991 1351 3088 quibusque

231 3114 407 3190 clenodiis
426 3115 682 3206 refertissima,
712 3115 845 3211 quibus
874 3123 1048 3212 quantam
1077 3113 1259 3189 voluerint
1286 3139 1352 3211 ga-

230 3267 310 3318 zam
330 3242 483 3317 barbari
502 3242 674 3334 avehere,
693 3265 740 3317 ne
757 3242 951 3317 aestimari
971 3241 1117 3339 quidem
1145 3242 1256 3316 facile
1275 3249 1353 3339 pot-

230 3375 296 3442 est.
335 3367 433 3444 Illud
459 3376 562 3443 certe
591 3376 747 3454 constat,
777 3369 1051 3467 apaucissimis
1070 3367 1248 3466 plurimos
1268 3391 1352 3445 esse

229 3515 369 3584 caesos,
396 3502 498 3568 tanto
523 3501 674 3592 tamque·
690 3495 857 3571 mirando
878 3519 958 3570 cum
978 3518 1166 3587 successu,
1194 3502 1234 3572 ut
1261 3517 1350 3593 pau·

230 3619 389 3694 cissimis
407 3619 556 3695 amissis
571 3619 739 3717 plerique
759 3622 937 3698 victorum
959 3622 1188 3721 amplissime
1215 3620 1353 3697 fuerint

229 3769 273 3820 ea
299 3745 440 3844 praeda
469 3746 585 3820 ditati.
617 3746 774 3823 Itanon
803 3748 1010 3841 multitudo,
1042 3748 1109 3822 sed
1139 3744 1263 3820 divina
1291 3746 1352 3818 be-

228 3871 392 3967 nignitas
411 3872 603 3948 consuevit
621 3873 814 3950 victoriam
834 3899 981 3974 parare.
1013 3873 1159 3949 Accidit
1168 3869 1237 3946 hcc
1253 3870 1352 3944 circa

231 3993 415 4072 lalendas
434 3999 654 4075 februarias.
