3625 5534
487 485 564 562 194
884 507 933 558 10.
957 506 1058 557 nucu
1077 505 1226 559 nnnovn

484 684 586 758 nubii
606 683 714 757 situm
735 681 937 772 castellum,
965 681 1062 777 quod
1089 679 1248 755 Kokero
1277 681 1420 755 incolae
1447 679 1607 754 uomina·

484 811 584 902 bant,
605 832 650 883 ex
670 830 742 903 quo
762 808 799 878 iu
820 827 943 880 arcem
962 805 1084 880 aditus
1104 805 1240 880 Turcis
1259 805 1433 879 Danubio
1454 804 1606 879 subvec

483 936 531 1009 tis
559 933 724 1031 patebat.
762 931 806 1006 Id
825 932 1004 1008 Nicolaus
1031 930 1142 1005 Ptlffi
1168 929 1345 1027 Vngarns
1375 929 1535 1020 obsedit,
1566 952 1608 1003 ac

484 1058 631 1134 tandem
661 1056 766 1131 XIV.
797 1055 856 1140 die
885 1055 970 1131 Iulii
989 1057 1127 1131 veteris
1156 1056 1194 1128 vi
1212 1055 1451 1153 expugnavit.
1488 1055 1551 1127 Ea
1567 1077 1606 1127 re

483 1183 633 1280 cognita
653 1180 839 1256 Osmauus
860 1181 982 1255 Bassa
1001 1166 1197 1271 Budensis,
1216 1186 1256 1254 ut
1274 1188 1456 1255 maturam
1466 1176 1605 1273 Strigo·
1732 1242 1733 1277 ἶ

483 1309 674 1384 uieusibus
685 1328 791 1404 opem
801 1308 926 1397 ferret,
936 1306 1080 1381 Bassas
1096 1303 1257 1383 Bosuiae
1268 1302 1506 1403 Sophiaeque
1528 1327 1605 1377 cum
1732 1282 1733 1301 ¹

482 1442 638 1531 quatuor
666 1433 750 1507 aliis
778 1433 919 1528 pariter
947 1432 1099 1524 Bassia,
1129 1432 1437 1529 finitimarumque
1464 1429 1602 1504 arcium

482 1559 686 1657 praefectis
707 1567 895 1632 convocat.
919 1556 980 1632 Illi
999 1557 1140 1633 coactis
1160 1556 1423 1655 septemdecim
1443 1555 1604 1651 equitum

483 1692 520 1759 et
541 1682 717 1759 tredecim
738 1682 884 1757 circiter
902 1683 1065 1779 peditum
1086 1683 1248 1758 millibus
1264 1684 1390 1779 quinto
1401 1679 1603 1757 obsidionis

483 1809 542 1882 die
561 1808 598 1882 in
617 1808 746 1882 hostes
766 1806 958 1897 duxerunt,
978 1806 1049 1881 hoc
1069 1804 1222 1882 consilio
1241 1813 1282 1882 ut
1306 1813 1431 1881 castra
1459 1812 1602 1879 nostro·

487 1956 567 2009 rum
596 1955 642 2007 cx
661 1932 862 2030 improviso
890 1931 1119 2007 invaderent.
1159 1928 1320 2006 Simulac
1348 1951 1393 2004 eo
1420 1937 1607 2019 venerant,
1732 1950 1733 1993 l

486 2059 621 2157 positis
651 2059 842 2133 confestim
871 2058 1006 2133 castris
1025 2057 1168 2155 aliquot
1186 2058 1328 2133 selecta
1347 2055 1510 2152 equitum
1527 2055 1604 2129 mil-
1732 2030 1733 2107 l

484 2186 536 2260 lia
573 2184 686 2261 duces
715 2185 881 2275 emisere,
912 2183 974 2280 qui
1002 2191 1212 2258 nostrorum
1241 2182 1394 2276 animos,
1422 2180 1604 2276 situmque

481 2319 686 2387 castrorum
716 2310 964 2408 explorarent.
998 2309 1060 2383 llli
1087 2309 1263 2384 mandata
1290 2309 1420 2383 ducum
1448 2305 1603 2390 executi,
1732 2304 1733 2313 '

479 2443 604 2511 castra
623 2441 831 2510 nostrorum
851 2434 1029 2509 intantum
1049 2432 1262 2529 aggeribus,
1278 2431 1456 2528 fossaque
1466 2431 1605 2506 munita
1732 2532 1733 2537 Ν

479 2569 745 2659 compererunt,
764 2567 804 2635 ut
824 2561 1020 2636 maximum
1039 2567 1285 2657 quantumque
1313 2559 1489 2655 impeturn
1512 2558 1603 2633 tole·
1732 2630 1733 2639 ,

480 2693 607 2761 ratura
637 2685 856 2760 viderentur.
887 2684 1284 2784 Appropiuquautibus
1312 2682 1495 2758 Barbaris
1519 2687 1600 2780 pari

480 2832 630 2885 numero
651 2815 860 2884 nostrorum
880 2809 1022 2906 equites
1052 2816 1299 2899 occurrerunt,
1329 2830 1485 2904 eumque
1504 2809 1599 2884 dem
1732 2820 1733 2823 ‘

478 2936 622 3010 levibus
642 2934 811 3032 utrinque
839 2933 1117 3010 velitationibus
1146 2942 1375 3029 transegere.
1412 2931 1599 3009 Postridie
1732 2978 1733 3005 ÷

475 3087 615 3139 summo
634 3062 793 3138 diluculo
811 3060 973 3137 Barbari
991 3083 1121 3138 rursus
1140 3084 1273 3156 magno
1292 3084 1446 3138 numero
1466 3061 1599 3137 castris

474 3197 675 3286 erumpunt
695 3195 735 3262 ut
754 3195 899 3280 stagna,
929 3186 1061 3283 quibus
1086 3192 1212 3261 castra
1230 3192 1442 3260 nostrorum
1460 3187 1597 3261 munie-

473 3319 617 3405 bantur,
637 3315 884 3411 explorarent.
913 3312 1002 3387 Mox
1031 3335 1076 3387 ea
1094 3337 1136 3389 re
1154 3312 1322 3410 perfecta
1341 3311 1520 3388 excubias
1535 3333 1597 3386 no-

474 3449 644 3527 strorum,
665 3460 760 3534 quae
778 3460 846 3535 pro
866 3438 1002 3513 castris
1023 3446 1140 3529 eraut,
1158 3438 1336 3516 invadere
1355 3447 1532 3514 statuunt.
1553 3439 1597 3515 Id

472 3590 518 3642 ne
541 3564 657 3656 fieret,
686 3563 933 3638 Mausfeldius
962 3564 1086 3639 missis
1116 3564 1308 3640 confestim
1336 3565 1479 3641 duobus
1497 3564 1596 3662 equi·

470 3700 545 3767 tum
557 3689 732 3780 millibus,
753 3689 944 3764 Barbaros
962 3690 1001 3762 in
1019 3690 1147 3786 fugam
1165 3691 1287 3783 vertit,
1307 3689 1597 3767 etincastraus·

470 3841 543 3916 que
570 3817 759 3916 fugientes
788 3815 921 3891 caedit.
948 3815 1007 3889 Ea
1034 3839 1075 3890 re
1095 3816 1230 3893 Turcis
1258 3823 1384 3892 tantus
1403 3817 1595 3893 confestim

468 3952 589 4021 metus
607 3943 771 4034 incessit,
786 3950 826 4017 ut
846 3941 1010 4019 collectis
1029 3941 1178 4038 plurimi
1195 3941 1448 4017 tabernaculis
1466 3941 1594 4036 fugam

469 4070 635 4165 arripere
669 4067 792 4142 conati
819 4067 904 4142 sint.
934 4067 1259 4143 Verumeuimvero
1288 4065 1489 4165 resumptis
1517 4087 1595 4140 rur·

468 4197 547 4269 'sum
566 4193 709 4283 animis,
729 4193 885 4268 alteram
906 4199 1110 4267 castrorum
1129 4199 1273 4289 partem
1293 4193 1431 4268 maiore
1441 4213 1593 4266 numero

468 4319 627 4417 aggredi
655 4326 876 4413 statuerunt,
901 4327 938 4394 et
959 4319 1014 4393 ad
1041 4319 1159 4415 ripam
1188 4340 1306 4415 usque
1326 4317 1490 4394 Danubii
1508 4338 1592 4414 pro-

468 4453 672 4522 cesserunt.
704 4444 779 4521 Sed
807 4444 1052 4521 Mansfeldius
1084 4445 1158 4520 tria
1185 4467 1315 4525 rursus
1334 4443 1495 4541 equitum
1514 4442 1592 4518 mil-

466 4572 517 4646 lia
535 4572 610 4646 illis
630 4595 823 4647 occurrere
841 4571 969 4662 iussit(
989 4593 1033 4646 eo
1063 4570 1207 4663 effectu,
1236 4578 1276 4645 ut
1302 4568 1436 4667 partim
1457 4568 1589 4660 caesis,

466 4697 600 4794 partim
620 4697 740 4798 captis
760 4698 1021 4796 compluribus,
1042 4696 1221 4792 reliquam
1238 4696 1487 4771 Barbarorum
1504 4719 1590 4792 par-
