3625 5534
521 531 569 582 os
589 531 668 581 usn.
689 531 771 582 uus.
792 531 872 582 osc.
892 533 942 584 xr.
960 533 994 582 u.
1012 533 1049 582 11.
1266 511 1343 588 319

231 708 392 782 conclusi
411 734 456 784 ac
475 707 524 783 ad
542 710 708 782 effectum
728 707 873 783 deducti
889 708 1046 783 fuerunt.
1070 708 1128 783 Ea
1145 709 1213 783 fuit
1232 733 1345 786 canes

231 838 421 932 quominus
440 835 635 935 postulatis
661 835 870 933 optatisque
890 835 1026 910 vestris
1045 836 1344 929 satisfecerimus,

230 986 355 1038 verum
381 962 549 1038 nuncium
576 970 738 1036 vestrum
766 971 932 1037 amanter
964 961 1011 1035 ad
1040 983 1105 1036 vos
1124 962 1340 1038 remisimus.

227 1087 396 1184 Denique
416 1110 482 1162 vos
502 1085 893 1183 diligenterhortamur
913 1094 951 1160 et
964 1085 1143 1162 benevole
1157 1110 1341 1184 rogamus,

229 1224 269 1289 ut
288 1215 410 1289 domui
434 1214 663 1303 Austriaoae,
684 1213 785 1287 cuius
806 1214 1032 1309 dignitatem,
1060 1236 1200 1307 nomen,
1220 1217 1341 1312 splen·
1429 1277 1433 1285 ,

227 1344 364 1434 dorem,
394 1349 432 1416 et
451 1341 757 1416 existimationem
777 1341 880 1416 Deus
909 1340 1066 1438 optimus
1097 1341 1276 1417 maximus
1304 1341 1341 1416 in

226 1476 306 1543 toto
335 1468 424 1544 orbe
455 1464 667 1542 Christiano
694 1488 786 1565 prae
814 1466 948 1541 ceteris
976 1465 1184 1542 nationibus
1212 1467 1341 1544 clario·

225 1618 302 1671 rem
323 1594 490 1686 reddidit,
519 1615 660 1669 omnem
688 1592 960 1668 observantiam
989 1599 1025 1667 et
1043 1591 1217 1669 honorem
1236 1593 1340 1668 exhi-

225 1721 326 1806 bere,
345 1730 382 1795 et
401 1718 632 1817 gratificandi
656 1718 813 1794 studium
832 1720 976 1815 offerre,
1000 1742 1140 1816 vosque
1158 1721 1277 1796 favori
1296 1744 1340 1795 ac

224 1847 429 1945 patrocinio
456 1847 555 1921 illius
581 1845 744 1920 familiae
772 1845 996 1921 committere
1024 1869 1096 1921 non
1124 1847 1338 1942 gravemini.

223 1975 283 2048 De
302 1973 408 2048 uobis
427 1981 557 2064 autem,
576 1972 781 2069 ubicunque
799 1975 960 2047 locorum
971 1972 1155 2066 fuerimus,
1177 1995 1221 2047 ea
1232 1973 1337 2049 vobis

222 2098 391 2196 polliceri
409 2106 446 2173 et
463 2120 615 2195 sperare
632 2097 811 2194 poteritis,
831 2120 925 2195 quae
945 2097 992 2172 ab
1012 2097 1147 2194 optimo
1168 2105 1337 2175 etaman-

221 2225 366 2300 tissimo
385 2227 500 2300 fratre
521 2224 754 2321 expectanda
781 2232 817 2299 et
844 2224 1119 2321 praesentanda
1147 2232 1249 2316 sunt,
1278 2227 1336 2300 cui

221 2353 402 2450 obsequis
429 2359 466 2426 et
492 2351 613 2426 officia
639 2357 767 2426 nostra
796 2373 925 2425 rursus
953 2350 1080 2426 sedulo
1109 2354 1335 2428 commenda-

220 2503 313 2574 mus,
333 2501 486 2575 eumque
505 2478 566 2553 diu
584 2501 629 2552 ac
645 2476 803 2551 feliciter
821 2479 945 2551 valere
965 2484 1144 2574 optamus.
1163 2479 1234 2552 His
1253 2478 1332 2554 lite-

220 2605 274 2679 ris
301 2605 337 2679 in
357 2603 548 2680 Poloniam
575 2601 709 2694 missis,
744 2600 804 2675 vel
831 2602 924 2677 mitti
961 2600 1129 2696 decretis,
1147 2627 1192 2679 ac
1221 2604 1332 2680 rebus

218 2730 388 2806 omnibus
406 2753 474 2828 pro
493 2729 603 2803 animi
622 2727 888 2825 deliberatique
908 2728 964 2802 sui
984 2728 1129 2804 consilii
1147 2731 1329 2805 sententia

220 2857 421 2955 dispositis,
440 2854 672 2954 paucissimis
691 2877 837 2930 suorum
857 2853 1048 2930 comitatus
1080 2854 1263 2930 Ecsedum
1281 2856 1329 2929 ad

220 2983 448 3082 Stephanum
468 2977 681 3057 Bathorium
700 2987 908 3078 cognatum,
929 3003 974 3054 ac
990 2980 1075 3056 inde
1095 3039 1103 3055 .
1124 3038 1132 3054 .
1155 3036 1163 3052 .
1184 3036 1191 3053 .
1212 2979 1328 3077 Sigis-

218 3111 372 3187 mundus
390 3111 578 3208 profectus
599 3117 665 3183 est.
695 3107 905 3210 Stephanus
929 3109 955 3183 J
958 3107 1060 3184 osioa
1087 3105 1328 3182 Szakmarum

219 3238 408 3332 abductus,
427 3260 471 3312 ac
489 3236 541 3309 ibi
560 3235 747 3310 custodiae
766 3236 936 3311 traditus.

662 3535 868 3556 m

541 3775 714 3854 CAPV'I'
743 3773 997 3869 Qvluuvn.

217 3945 275 4019 De
292 3943 449 4021 tumultu
468 3941 647 4017 Voradiui
664 3944 828 4037 excitato,
848 3941 1034 4039 eodemque
1048 3965 1117 4038 per
1133 3937 1326 4016 Cocsurcos

622 4067 777 4169 Lepotoa
794 4068 925 4143 cedato.

321 4251 490 4328 Nondum
518 4247 774 4346 sigismundus
803 4246 982 4345 Princeps
1017 4246 1150 4323 finibus
1177 4250 1322 4347 provin-

214 4379 294 4454 ciac
313 4384 536 4470 excesserat,
564 4397 672 4474 quum
693 4372 953 4460 Varadienses,
972 4372 1168 4448 occasione
1187 4373 1322 4450 disces-

214 4527 278 4581 sus
297 4503 479 4604 Priucipis
498 4503 669 4579 utendum
689 4500 770 4592 rati,
798 4524 844 4575 nc
863 4496 1046 4574 Catholici
1074 4522 1193 4572 annua
1218 4523 1322 4596 prae·

213 4631 411 4730 scriptione
448 4632 484 4704 in
512 4630 748 4730 possessione
775 4625 904 4701 sacelli
932 4626 1120 4724 superiore
1148 4649 1242 4702 anuo
1271 4627 1322 4702 ibi

211 4759 414 4858 comparati
442 4757 758 4850 confirmarentur,
786 4753 909 4830 missis
937 4755 984 4830 ad
1012 4777 1075 4830 eos
1103 4754 1255 4851 nunciis,
1283 4763 1322 4832 ut
