3625 5534
491 526 568 606 158
738 604 742 612 ,
889 552 940 604 10.
961 552 1062 604 onon
1080 553 1230 606 nnaovn

487 728 616 803 Aaron
634 725 819 823 Vajvoda,
847 727 1077 825 liberiusque
1105 727 1151 802 de
1178 726 1353 827 Principe
1375 728 1619 827 sigismundo

487 853 613 953 palam
631 854 775 928 locutus
805 852 918 928 alieni
946 853 994 926 ab
1022 874 1067 927 eo
1096 851 1218 946 animi,
1246 861 1285 928 ct
1301 854 1341 928 in
1359 855 1508 932 'Furcas
1527 878 1619 953 pro·

487 978 683 1079 pendentis
703 977 1013 1074 significationem
1027 979 1239 1054 nonnullam
1258 978 1440 1058 ediderat.
1471 980 1518 1055 Id
1536 1003 1621 1056 curn

488 1105 536 1180 ad
554 1103 765 1204 Principem
783 1105 940 1180 allatum
958 1109 1072 1190 esset,
1091 1105 1287 1201 explorato
1305 1105 1409 1202 prius
1428 1129 1499 1204 per
1510 1103 1621 1181 Obri-

491 1229 705 1328 stophorum
735 1229 939 1305 Literatum
978 1229 1023 1303 de
1042 1228 1253 1304 Keresztdr
1292 1229 1493 1327 diligenter
1536 1231 1618 1306 eins

488 1355 628 1446 animo,
666 1362 770 1430 ratus
806 1352 986 1452 Princeps
1015 1361 1141 1428 cetera
1167 1353 1351 1429 maleficia
1386 1363 1462 1430 tum
1489 1377 1619 1455 perse·

489 1480 644 1576 quenda,
663 1481 728 1555 ubi
746 1480 971 1572 factasunt,
990 1478 1247 1578 proditionem,
1274 1481 1348 1555 nisi
1366 1479 1620 1579 provideatur,

488 1627 535 1680 ne
555 1603 713 1696 accidat,
731 1605 873 1679 frustra
891 1602 1041 1679 tandem
1059 1602 1194 1678 iudicio
1222 1605 1371 1702 inquiri,
1396 1607 1513 1683 misso
1533 1629 1618 1681 con·

488 1730 612 1804 testim
631 1731 670 1804 in
690 1730 917 1805 Moldaviam
937 1727 1115 1827 Gasparo
1135 1730 1290 1823 Kornis,
1319 1754 1391 1806 uno
1417 1756 1463 1808 ex
1484 1730 1619 1808 Consi·

488 1855 609 1934 liariis
637 1855 786 1948 intimis,
806 1878 885 1930 cum
913 1853 1116 1930 Francisco
1136 1855 1285 1949 Becco,
1315 1866 1352 1932 et
1377 1856 1504 1933 multis
1531 1859 1617 1934 aliis

488 1982 694 2060 Siculorum
720 1981 954 2081 primoribus,
978 1979 1166 2056 Aaronem
1203 1982 1466 2079 comprehendi
1507 1983 1619 2058 etad

488 2134 531 2186 se
551 2107 694 2200 adduci,
715 2107 979 2204 custodiaeque
1006 2106 1045 2180 in
1054 2104 1153 2182 Aula
1173 2104 1355 2182 Vincensi
1374 2108 1472 2182 tradi
1494 2109 1618 2184 iussit.

487 2237 560 2319 Illi,
590 2233 813 2310 continuatis
850 2234 931 2309 dies
945 2241 1146 2336 noctesque
1175 2235 1381 2324 itineribus,
1406 2235 1619 2331 Vajvodam

487 2359 818 2459 comprehendunt,
854 2361 1086 2456 vinctumque
1130 2358 1180 2434 ad
1199 2357 1409 2456 Principem
1447 2360 1613 2450 mittunt,

488 2486 634 2583 direpta
668 2485 824 2582 primum
862 2507 960 2580 gaza
997 2483 1095 2568 eius,
1134 2507 1241 2581 quam
1280 2485 1404 2559 multis
1441 2487 1612 2561 centenis

487 2631 680 2686 aureorum
700 2608 861 2684 millibus
881 2608 1217 2707 aprudentioribus
1242 2609 1474 2686 aestimatam
1493 2611 1617 2701 aiunt,

487 2733 684 2812 Substituit
703 2735 738 2808 ei
757 2731 903 2832 Oaspar
922 2735 1066 2811 Kornis
1085 2757 1268 2811 consensu
1277 2734 1463 2835 Principis
1473 2761 1519 2811 no
1529 2762 1614 2838 pro·

487 2861 630 2936 vinciae
650 2858 877 2958 Stephanum
895 2861 1157 2954 Hofmannum,
1176 2861 1293 2937 virum
1317 2861 1445 2937 bumili
1466 2865 1614 2960 quidem

488 3010 626 3084 genere
645 2994 780 3080 natum,
819 2987 886 3062 sed
916 2997 1040 3062 umen
1067 2987 1233 3086 probum,
1271 2989 1502 3085 prudentem.
1523 2988 1619 3064 mili·

488 3123 617 3206 tarem,
637 3122 674 3188 et
693 3112 888 3187 multarum
907 3113 1118 3208 linguarum
1146 3112 1357 3207 cognitione
1368 3114 1617 3211 experientia·

488 3261 559 3335 que
578 3262 700 3314 rerum
720 3237 975 3314 excellentem.
1005 3239 1045 3312 is
1074 3245 1264 3335 acceptam
1294 3239 1525 3336 provinciam
1561 3240 1618 3314 fe·

488 3363 609 3439 liciter
628 3365 852 3462 aliquamdiu
871 3364 1104 3461 gubernavit,
1134 3365 1252 3440 donec
1280 3360 1451 3463 Oasparo
1471 3365 1617 3440 Kornis

363 3523 370 3538 ·
488 3487 573 3564 inde
601 3489 651 3564 ad
678 3489 888 3588 Principem
915 3496 1101 3582 revocato,
1130 3491 1178 3566 ab
1206 3488 1464 3584 ingruentibus
1482 3496 1618 3586 postea

488 3611 642 3692 Polouis
680 3623 718 3692 et
744 3617 913 3692 Kozacis
942 3616 1133 3692 Moldavia
1160 3615 1375 3714 pelleretur,
1394 3614 1618 3712 tandemque

490 3743 694 3820 miserabili
727 3743 856 3817 mortis
893 3765 1052 3836 genere,
1089 3751 1130 3818 ut
1160 3748 1293 3840 postea
1312 3740 1464 3831 dicetur,
1495 3740 1617 3815 extin-

471 3934 474 3943 .
490 3877 677 3970 queretur.
