3625 5534
462 417 537 495 120
858 442 905 490 ro.
927 440 1025 490 onon
1045 440 1191 489 announ

459 620 497 693 in
518 620 600 716 ipso
621 618 774 694 oonsilio
794 616 1034 714 disquireret:
1055 638 1139 690 eooe
1161 638 1268 711 quam
1292 613 1580 689 commodissime

460 754 758 842 supervenerunt
791 744 909 839 legati
937 742 1126 818 Pontifiois
1155 743 1326 832 Maximi,
1364 740 1581 817 Arohiduois

461 871 649 962 Austriae,
670 880 707 945 et
725 869 907 966 Proregis
927 868 1118 966 Vngariae
1137 869 1332 960 interioria,
1358 870 1489 966 quibus
1508 891 1581 942 om-

461 999 581 1090 nibus,
609 1005 648 1072 ut
668 997 714 1072 de
736 998 809 1073 hao
838 998 922 1094 ipsa
949 1020 990 1071 re
1014 1021 1094 1072 oum
1122 994 1294 1095 Principe
1319 1005 1483 1092 agerent,
1501 1017 1584 1093 pro-

461 1125 620 1222 positum
638 1123 734 1198 idem
756 1147 829 1198 unu
839 1146 947 1220 mque
965 1124 1043 1199 fuit.
1063 1124 1206 1198 lisoum
1218 1129 1379 1214 senatus,
1398 1122 1584 1220 postulan-

461 1250 570 1339 tibus,
608 1257 751 1324 secreto
778 1273 822 1325 ao
863 1249 1075 1345 singulatim
1104 1251 1209 1324 datus
1239 1248 1390 1338 fuisset,
1429 1269 1585 1345 coepere

463 1377 633 1475 pluribus
662 1377 787 1452 verbis
821 1376 995 1476 Prinoipi
1033 1401 1077 1452 ao
1104 1377 1172 1452 toti
1209 1375 1362 1450 oonsilio
1381 1374 1587 1459 ostendere,

381 1558 383 1561 ψ
464 1502 645 1598 quomodo
672 1502 832 1576 Barbari
859 1511 988 1577 eontra
1016 1503 1073 1576 ius
1102 1503 1233 1599 fasque
1258 1500 1436 1596 imprimis
1463 1499 1588 1594 Vnga-

387 1642 389 1645 ·
464 1627 568 1700 riam
588 1626 721 1701 deinde
741 1649 809 1723 per
829 1628 910 1701 fata
929 1628 1007 1703 eius
1026 1627 1234 1702 universum
1264 1624 1514 1702 Christianum
1533 1647 1589 1698 or-

465 1755 560 1840 bem,
579 1751 649 1859 sub
672 1752 964 1827 immanissimae
982 1751 1191 1850 tyrannidis
1209 1752 1333 1847 iugum
1352 1752 1496 1826 mittere
1515 1757 1588 1823 sta-

465 1877 612 1952 tuerint.
633 1876 816 1968 Quamvis
838 1886 960 1952 autem
980 1878 1258 1975 Transylvania
1274 1878 1357 1975 ipsa
1376 1877 1499 1952 multis
1516 1876 1589 1949 iarn

466 2002 574 2079 annis
593 2003 754 2100 Imperio
785 2003 947 2078 Turoioo
982 2004 1105 2094 affixa,
1134 2003 1353 2079 mediocrem
1381 2025 1522 2100 paoem,
1549 2023 1592 2074 ao

468 2129 773 2226 tranquillitatem
788 2129 978 2204 habuerit:
998 2135 1298 2204 oonstaretamen
1309 2129 1486 2218 omnibus,
1498 2125 1594 2225 quod

468 2278 536 2331 neo
554 2253 957 2353 ipsos'l'ransylvanos
984 2255 1128 2341 lateret,
1154 2278 1261 2350 qnam
1290 2255 1406 2330 dirum
1433 2251 1593 2328 Sinanus

437 2454 442 2472 ,
469 2382 708 2479 propositum,
731 2405 777 2456 ex
797 2380 1034 2478 praescripto
1054 2404 1099 2454 ao
1109 2403 1289 2456 consensu
1298 2380 1492 2478 ipsiusmet
1502 2377 1596 2454 Cae-

473 2508 582 2598 saria,
601 2505 756 2602 primum
767 2505 982 2600 Vngariam,
993 2505 1125 2582 dehine
1142 2506 1454 2604 Transylvaniam
1465 2505 1594 2603 ipsam,

472 2638 583 2728 atque
602 2631 696 2705 adeo
725 2638 839 2705 totum
860 2629 1110 2722 Christianum
1139 2634 1265 2706 orbem
1292 2631 1478 2729 tyrannidi
1508 2651 1595 2704 suae

474 2757 691 2832 subiiciendi
712 2759 931 2856 susceperit.
953 2758 1096 2850 Quibus
1115 2759 1282 2834 omnibus
1301 2758 1393 2834 satis
1413 2780 1596 2857 superque

475 2883 729 2975 consideratis,
759 2885 967 2976 statuimus,
996 2885 1179 2982 inquiunt,
1217 2885 1418 2961 ooninnotis
1454 2885 1601 2970 viribus¹

475 3035 520 3086 ao
546 3010 713 3086 oonsiliis
742 3035 846 3085 arma
874 3019 1003 3087 eontra
1027 3012 1173 3086 iuratos
1211 3009 1414 3086 Christiani
1441 3011 1597 3086 nominis

474 3137 603 3212 hostes
642 3159 799 3228 sumere,
838 3161 883 3211 ao
902 3159 1047 3212 saoram
1074 3161 1177 3214 more
1196 3138 1373 3212 maiomm
1391 3148 1605 3216 nostrorum

478 3262 748 3359 expeditionem
769 3263 969 3357 suscipere.
999 3263 1160 3338 Proinde
1188 3287 1268 3338 oum
1296 3271 1332 3338 et
1350 3286 1418 3338 vos
1437 3265 1600 3340 eiusdem

478 3387 611 3483 gentis,
636 3388 800 3462 eiusdem
829 3389 1034 3487 religionis,
1069 3390 1232 3465 eiusdem
1261 3389 1417 3487 denique
1446 3391 1601 3488 periouli

479 3513 639 3589 sooietas
664 3515 774 3589 nobis
802 3517 1031 3613 obstringat:
1057 3524 1253 3614 autequam
1280 3516 1473 3614 quiequam
1492 3515 1602 3618 [moli-

479 3660 611 3722 remur,
629 3638 811 3714 voluimus
831 3663 900 3715 vos
919 3648 1107 3717 tantorum
1125 3642 1339 3741 principum,
1369 3649 1480 3740 atque
1511 3645 1601 3720 adeo

478 3764 591 3841 totius
610 3759 815 3838 Christiani
834 3765 937 3838 orbis
966 3765 1124 3858 nomine,
1155 3767 1253 3841 serio
1283 3787 1442 3859 monere,
1461 3775 1502 3844 ut
1521 3791 1602 3865 per·

481 3899 609 3990 specto
630 3898 808 3985 extremo,
830 3891 928 3988 quod
949 3893 1054 3967 vobis
1075 3891 1189 3986 iuxta,
1209 3916 1253 3967 ao
1271 3892 1602 3982 nobisimmineret,

481 4015 701 4106 discrimine,
737 4016 775 4091 in
812 4017 1027 4093 sotietatem
1066 4017 1163 4091 saori
1199 4017 1307 4092 huius
1335 4016 1435 4108 belli,
1474 4023 1602 4105 contra

481 4142 650 4241 publioos
669 4142 951 4240 oummune'sque
971 4143 1110 4234 hostes,
1130 4151 1260 4241 sponte
1289 4164 1355 4217 vos
1383 4143 1491 4217 nobis
1522 4165 1601 4218 oon·

483 4269 696 4366 iungeretis.
717 4266 855 4345 Audita
875 4270 946 4345 hae
967 4269 1172 4365 legatorum
1199 4269 1374 4360 oratione,
1406 4267 1602 4366 honorilice

484 4396 665 4492 Prinoeps
685 4418 750 4472 eos
770 4396 930 4490 habitos,
950 4398 1059 4488 bona,
1079 4404 1119 4471 ut
1147 4397 1313 4489 decebat,
1342 4417 1421 4470 oum
1440 4417 1509 4494 spe
1524 4421 1548 4470 a
1564 4413 1603 4466 se

486 4521 633 4596 dimisit.
653 4522 710 4597 Ne
732 4531 852 4598 tamen
872 4523 1067 4620 quiequam
1088 4523 1167 4596 sine
1187 4520 1351 4596 eonsiliis
1371 4543 1602 4618 eorumquo-

372 4723 382 4738 ,
485 4669 565 4722 rum
582 4649 777 4746 prudentia
795 4649 953 4726 t'elieiter
964 4648 1102 4724 tamdiu
1116 4648 1343 4746 provintiam
1354 4645 1602 4724 administras-
1721 4743 1722 4750 Ν
