3625 5534
482 508 530 565 na
549 516 629 566 aaa.
651 515 735 566 vno.
756 515 837 566 nac.
858 516 892 566 x.
913 516 946 564 u.
967 515 1028 564 vu.
1249 489 1324 567 163

205 689 243 764 in
261 689 410 788 publico
440 693 539 766 luctu
567 698 718 788 propter
753 690 892 798 pbitum
923 689 1149 767 Perdinandi
1189 689 1321 765 Archi-

205 817 320 909 ducis,
331 824 368 892 et
387 815 633 893 laudatissimi
652 813 835 913 Principis
846 817 1007 910 Ernesti,
1028 816 1180 915 quinon
1199 817 1323 892 multis

205 953 290 1020 ante
310 943 440 1020 diebus
459 945 496 1019 in
515 943 649 1040 Belgio
669 943 794 1018 evivis
812 951 1038 1019 excesserat.
1060 945 1324 1021 Verumtamen

206 1094 286 1145 curn
304 1093 367 1146 res
398 1095 538 1146 moram
566 1095 639 1148 uon
668 1078 866 1169 pateretur,
897 1072 1008 1147 etad
1037 1072 1324 1147 confirmandum

206 1197 337 1274 foedus
374 1198 570 1296 plurimum
600 1197 798 1274 interesset
835 1199 952 1297 primo
982 1222 1128 1297 quoque
1156 1205 1323 1298 tempore

206 1323 433 1400 sanctionem
451 1324 625 1422 promissi
644 1324 873 1418 matrimonii,
902 1326 998 1401 uude
1027 1326 1140 1402 totius
1159 1325 1322 1402 foederis

206 1451 387 1526 certitudo
405 1451 601 1548 pendebat,
620 1451 854 1545 intervenire,
874 1475 915 1525 re
945 1451 1017 1545 din,
1046 1454 1267 1550 multumque
1287 1453 1323 1526 in

206 1585 398 1675 utramque
416 1583 558 1676 partem
578 1576 729 1671 agitata,
750 1577 896 1654 undem
916 1578 1139 1654 authoritate
1157 1579 1322 1676 Impera·

207 1703 297 1778 toris
334 1704 371 1777 iu
400 1703 439 1779 id
466 1711 682 1778 conventum
711 1711 779 1794 est,
816 1712 855 1778 ut
892 1699 1127 1798 sigismundo
1161 1701 1323 1801 Principi

208 1829 329 1904 Maria
357 1827 598 1920 Christierna,
627 1829 704 1906 filia
732 1825 859 1904 Caroli
887 1826 1109 1905 Archiducis
1136 1827 1323 1922 Austriae,

210 1957 327 2033 Ducis
345 1954 504 2055 Styriae,
525 1953 750 2049 Corinthiae,
769 1952 994 2044 Oarnioliae,
1022 1954 1321 2053 desponsaretur.

210 2083 386 2159 Habebat
405 2106 450 2158 ea
476 2083 603 2182 plures
631 2083 741 2159 etiam
770 2105 931 2176 sorores,
961 2105 1112 2180 quarum
1140 2089 1229 2157 natu
1248 2105 1322 2156 ma·

211 2209 307 2284 rima
325 2209 452 2306 paucis
471 2215 556 2284 ante
586 2209 690 2284 anuis
719 2207 956 2306 Sigismuudo
985 2210 1116 2284 Tertio
1146 2208 1323 2283 Polouiae

212 2333 440 2433 Sueciacque
449 2335 549 2434 Regi
565 2335 604 2409 in
613 2335 880 2412 matrimonium
899 2338 1025 2412 locata
1035 2336 1165 2411 fuerat.
1178 2334 1321 2426 Altera,

212 2487 288 2540 cum
307 2463 572 2561 Hispaniarum
592 2465 689 2560 Regi
718 2464 904 2540 destinata
931 2464 1081 2556 fuisset,
1118 2469 1235 2539 matre
1253 2463 1323 2538 iter

210 2590 244 2664 in
262 2590 578 2688 Trausylvauiam
597 2591 770 2687 ingressa
789 2615 923 2689 magno
934 2592 1091 2666 omnium
1106 2614 1186 2666 cum
1197 2589 1323 2665 dolore

213 2724 411 2792 extremum
431 2715 528 2791 diem
546 2716 700 2792 obierat.
721 2718 838 2793 Multa
857 2718 1104 2793 saneviduam
1114 2717 1323 2814 Principem

218 2843 472 2942 impediebant,
509 2866 556 2917 ne
591 2843 705 2918 liliam
742 2845 779 2920 in
817 2853 889 2919 tam
918 2843 1157 2941 longinquam
1196 2843 1319 2939 regio·

216 2992 305 3060 nem,
324 2980 372 3060 et,
409 2971 464 3046 uti
480 2971 692 3068 putabatur,
720 2972 799 3048 tere
836 2972 873 3045 in
910 2972 1040 3046 fauces
1067 2971 1318 3046 Barbarorum

215 3097 462 3174 abducendam
480 3107 680 3196 pateretur,
708 3098 928 3196 praesertim
957 3097 1217 3173 accedentibus
1236 3117 1322 3193 quo-

214 3226 402 3319 rundam,a
422 3225 554 3322 quibus
574 3225 718 3300 minime
733 3225 771 3299 id
790 3225 947 3300 omnium
976 3225 1149 3299 decuerat
1176 3224 1323 3313 factum,

215 3352 413 3444 calumniis,
432 3352 565 3450 quibus
594 3360 669 3427 tum
698 3353 796 3453 apud
824 3355 1099 3453 Imperatorem,
1136 3361 1210 3427 tum
1235 3373 1323 3426 vero

214 3481 305 3579 apud
324 3479 420 3556 alios
447 3477 687 3574 Archiduces,
715 3480 908 3578 ipsamque
937 3479 1085 3555 viduam
1103 3478 1321 3577 Principem,

214 3608 250 3682 id
273 3609 436 3706 agebant
463 3629 602 3684 summo
631 3607 762 3701 studio,
792 3631 838 3686 ne
865 3607 1131 3683 matrimonium
1159 3628 1325 3684 consum·

215 3737 302 3812 mari
337 3742 477 3834 posset.
512 3734 838 3813 verumenimvero
873 3735 1001 3812 maluit
1038 3731 1325 3832 prudentissima

215 3861 510 3960 pientissimoque
529 3861 697 3938 Heroina
716 3862 886 3961 publicae
907 3859 1111 3935 Christiani
1140 3859 1242 3935 orbis
1266 3880 1324 3932 sa·

215 3985 285 4080 luti,
305 3995 416 4086 atque
435 3990 521 4088 paci
539 3976 741 4082 consulere,
762 4013 871 4086 quam
881 3987 1039 4087 privatis
1059 3985 1252 4060 affectibus
1270 3983 1323 4057 in·

216 4114 404 4211 dulgeudo,
425 4124 489 4224 aut
507 4115 653 4192 iniustis
664 4116 963 4191 adversariorum
981 4112 1192 4188 criminibus
1205 4109 1324 4184 locum

218 4241 307 4316 clam
326 4239 457 4334 dando,
477 4243 607 4317 salutis
628 4243 845 4318 concordiae
866 4263 1030 4331 cursum,
1058 4239 1132 4312 iam
1168 4235 1325 4311 feliciter

222 4367 434 4461 inchoatum,
481 4391 550 4444 sua
592 4369 809 4445 difficultate
845 4368 1121 4465 interrumpere.
1166 4360 1325 4439 Proinde

219 4517 350 4588 magna
368 4494 583 4591 solemnique
603 4519 683 4570 curn
718 4519 862 4594 pompa,
889 4494 927 4567 in
945 4492 1119 4590 templum
1138 4487 1286 4589 Sponsa
1302 4512 1325 4563 a

218 4621 729 4714 Maximiliano,Maximiliaui
747 4623 809 4714 11,
821 4631 857 4697 et
868 4619 1101 4695 h'erdiuando
1113 4616 1325 4692 Carolililio

219 4745 381 4847 Sponsae
408 4751 524 4824 fratre
545 4747 814 4826 Archiducibus
844 4748 1028 4838 nustriae,
1048 4744 1214 4838 deducta,
1234 4749 1271 4817 et
1289 4743 1327 4815 in

1104 4885 1163 4948 11*
