3625 5534
490 490 539 540 nr
556 487 728 539 nnmvnc.
749 484 832 536 nnc.
859 485 895 534 x.
915 484 950 534 n.
971 483 1017 533 ιν.
1266 453 1316 529 Ἷ3

209 688 370 742 successu
389 665 541 761 egisset,
552 671 728 754 maneret,
748 684 828 736 eum
847 658 933 733 aliis
952 677 1177 734 communem
1195 654 1320 728 faeere

207 791 321 881 nollet,
339 791 422 866 sive
442 790 540 887 qnod
556 789 610 864 ita
629 813 676 864 ex
696 789 817 864 animo
837 784 1005 875 sentiret,
1023 780 1232 858 collaudato
1244 777 1319 854 obi·

208 925 259 988 ter
274 913 456 1014 Principe,
484 913 730 1011 indicatisque
759 910 951 1011 prosperis
976 907 1212 984 successibus
1231 903 1321 984 suis,

209 1049 241 1113 et
256 1039 524 1140 quodtemporc
541 1040 616 1116 iam
636 1039 736 1138 ipso,
763 1059 881 1136 prono
912 1035 949 1110 in
968 1035 1147 1134 hyemem,
1168 1055 1190 1106 a
1208 1031 1321 1108 rebus

210 1166 372 1258 gerendis
389 1174 591 1260 arceretur,
611 1171 834 1264 potestatem
853 1163 995 1251 eifecit,
1006 1158 1206 1236 revocandi
1217 1182 1321 1232 erer-

210 1287 306 1382 citus,
327 1300 364 1366 et
383 1291 431 1366 ad
450 1314 519 1368 sua
539 1313 719 1388 quemque
738 1287 953 1378 dimittendi,
973 1311 1019 1361 ea
1037 1293 1159 1360 tamen
1177 1283 1323 1380 legent

207 1416 362 1514 proximo
395 1440 484 1492 vere
512 1417 659 1506 statim,
697 1415 804 1489 simul
836 1419 947 1510 atque
975 1412 1130 1487 arbores
1149 1409 1319 1485 inflores

211 1550 442 1639 erumperent,
463 1543 512 1619 ad
530 1542 642 1637 signa
658 1540 833 1617 redirent.
844 1535 1008 1635 Cognita
1019 1535 1091 1612 bac
1110 1534 1240 1612 Sinani
1258 1556 1320 1608 vo·

210 1663 348 1758 luntate,
368 1675 530 1743 actutum
548 1664 937 1744 exercitusVaradino
956 1672 1165 1754 revocatus,
1186 1659 1321 1760 seipse

209 1814 340 1889 quoqne
362 1793 543 1892 Princeps
562 1793 778 1893 compositis
798 1815 866 1867 suo
885 1800 1051 1889 tempore
1076 1791 1135 1886 iis,
1159 1812 1254 1888 quac
1274 1787 1322 1861 ad

210 1941 323 1994 curam
348 1920 562 2018 provinciae
580 1921 828 2019 pertinebant,
842 1913 1323 2010 Albam-lunianclauoio-

209 2043 286 2141 poli,
303 2046 372 2122 nit
388 2069 531 2123 versus.

542 2460 719 2539 OAPV'r
749 2462 977 2539 SEXTVM.
1010 2453 1015 2464 ⁸

259 2641 311 2715 De
329 2643 419 2716 actis
446 2667 470 2715 a
493 2639 649 2716 Caesare
675 2641 1107 2742 PrincipiTraosylvaoo
1127 2641 1265 2736 pretiis.

308 2820 404 2896 Dum
423 2819 634 2920 Stephanus
652 2821 863 2896 Bathoreus
882 2822 931 2895 ad
942 2821 1171 2897 Varadinum
1200 2823 1326 2894 castra

213 2944 365 3036 baberet,
397 2944 678 3021 'Piffenbachius
709 2947 901 3043 Vugariae
929 2947 1132 3044 superioris
1151 2945 1324 3022 Praefec-

213 3077 265 3143 tus
271 3093 335 3167 per
355 3071 525 3147 nuncium
537 3069 925 3167 suumSigismundum
939 3071 1145 3147 Pacicltum
1159 3069 1324 3169 Principi

214 3194 489 3291 significaverat,
510 3196 746 3295 Rudolphum
756 3195 959 3273 Caesarem
970 3197 1119 3295 cognita
1128 3196 1325 3295 praeclara

214 3320 348 3395 sinsin
376 3344 418 3396 se
455 3325 656 3416 voluntate,
684 3347 802 3420 nuper
830 3324 864 3398 ei
891 3324 929 3397 in
967 3325 1172 3398 Turoarnm
1208 3321 1323 3398 hosti-

213 3444 276 3517 lem
294 3445 452 3521 animum
471 3448 681 3544 detegendo
702 3448 903 3540 declarata,
935 3471 978 3522 eo
1006 3448 1201 3524 adductum
1230 3469 1326 3537 esse,

213 3577 247 3642 nt
262 3580 454 3668 postquam
473 3574 680 3649 ancarum
699 3572 858 3672 perfidia
876 3573 1060 3666 incitatus,
1084 3575 1184 3650 bello
1203 3573 1326 3672 potins

212 3696 355 3770 cumeis
382 3698 562 3796 experiri,
600 3723 709 3797 quam
738 3700 807 3774 sub
835 3699 940 3797 pacis
969 3707 1166 3797 praetextu
1196 3706 1327 3797 patere

213 3839 326 3895 eorum
343 3822 489 3899 insidiis
508 3825 546 3900 in
566 3826 687 3901 animo
705 3825 874 3917 haberet,
912 3826 1031 3924 ipsius
1060 3847 1204 3922 quoqne
1230 3823 1327 3898 inter

212 3941 296 4019 alios
313 3945 505 4047 Principes
525 3946 763 4026 Christianos
792 3952 913 4025 studio
942 3950 995 4027 nti
1022 3948 1123 4044 velit,
1152 3972 1196 4023 ac
1211 3972 1326 4050 ,quam

212 4065 276 4140 sibi
300 4093 365 4167 pro
393 4082 533 4148 navata
560 4072 631 4149 hac
659 4098 784 4171 opera,
812 4076 1048 4172 imposterum
1073 4076 1203 4166 etiam,
1242 4075 1326 4150 dum

212 4195 385 4271 commodo
403 4219 471 4274 sno
489 4206 623 4296 potest,
641 4199 881 4297 praestanda,
902 4198 1063 4293 gratiam
1094 4198 1328 4274 referendam

210 4323 356 4414 putaret,
370 4320 527 4397 Caesari
546 4346 613 4419 per
642 4346 694 4418 sc,
732 4324 793 4421 qni
823 4325 861 4399 in
889 4346 934 4398 eo
962 4323 1133 4400 benevoli
1162 4321 1321 4400 hominis

213 4441 324 4519 officio
343 4447 532 4523 functurus
561 4473 654 4545 erga
681 4473 763 4524 eum
791 4459 915 4537 esset,
949 4449 1139 4524 indicaret.
1180 4448 1331 4545 Agebat

213 4566 276 4642 boc
290 4579 374 4644 tnnc
401 4573 692 4666 b'iffenbaohius,
722 4574 819 4670 qnod
847 4575 976 4672 copias
1008 4573 1328 4673 Transylvanicas

215 4693 258 4767 ad
273 4695 363 4769 fines
380 4697 453 4773 iam
462 4720 700 4797 progressas,
719 4722 765 4773 ne
786 4723 893 4800 qnam
923 4701 962 4775 in
981 4699 1159 4776 Caesaris
1178 4700 1334 4778 ditiones
