3625 5534
485 481 533 530 nu
552 479 633 531 aaa.
653 477 740 532 vua.
760 477 845 560 nro.
866 478 901 530 x.
922 478 954 528 n.
975 477 1027 528 rrr.
1253 451 1305 528 63

196 674 247 744 eo,
264 675 329 750 quo
347 674 440 752 opus
467 653 527 745 sit,
556 651 604 727 ad
630 651 823 728 ferendam
842 651 1101 729 laborantibus
1122 673 1240 750 opem,
1269 651 1303 724 si

196 781 232 856 id
247 782 443 858 necessitas
462 782 600 878 exigat,
629 782 712 856 duci
741 781 914 857 continuo
934 781 1065 879 possit.
1091 781 1150 856 Ne
1170 787 1302 869 autem,

199 909 241 982 ob
264 908 314 982 rei
341 908 577 1006 pecuniariae
614 906 872 994 difficultates,
910 906 1050 1004 aliquid
1089 902 1308 981 incommodi

200 1032 397 1131 respublica
414 1033 589 1132 patiatur,
627 1055 726 1108 novo
743 1035 856 1131 plane
875 1032 1058 1131 exemplo,
1079 1056 1124 1108 ea
1143 1031 1239 1108 ratio
1252 1053 1310 1110 co-

201 1157 328 1251 gendae
355 1158 528 1256 publicae
551 1157 731 1255 pecuniae
764 1166 823 1233 est
848 1157 1011 1250 invecta,
1049 1163 1090 1232 ut
1120 1155 1309 1232 Nobilitas

202 1284 314 1374 omnia
333 1284 496 1382 supremi
514 1285 629 1377 iuxta,
666 1307 712 1359 ae
739 1283 927 1361 inferioris
956 1281 1117 1374 ordinis,
1156 1282 1311 1358 atritioi

203 1410 345 1505 singulis
363 1409 511 1505 gelimis
531 1410 604 1500 (ita
622 1409 772 1487 vicenos
792 1419 831 1485 et
848 1409 982 1507 quinos
1002 1429 1170 1506 quosque
1198 1408 1312 1482 mani-

203 1537 306 1632 pulos,
325 1535 363 1609 in
382 1536 563 1612 cumulum
583 1541 796 1632 congestos,
815 1537 928 1632 vulgo
958 1535 1076 1610 nostri
1105 1531 1311 1632 appellant)

204 1663 354 1760 singulos
373 1684 552 1755 nummos,
571 1664 696 1762 plebei
716 1671 849 1756 autem,
868 1670 906 1737 et
915 1672 1126 1760 aggrestes,
1146 1661 1312 1758 equinis

204 1789 393 1886 quibusque
411 1788 558 1884 gelimis
586 1788 812 1865 tantumdem
852 1788 1073 1886 dependant.
1114 1785 1310 1863 Saxonicis
1451 1859 1455 1868 ,

204 1914 351 2004 urbibus,
389 1921 426 1988 et
462 1914 597 1990 ceteris
622 1915 835 2012 provinciae
856 1915 1013 2013 oppidis,
1038 1937 1106 2013 pro
1136 1915 1312 2010 cuiusque

206 2039 407 2130 conditione,
426 2046 529 2114 certa
547 2040 725 2138 pecuniae
745 2062 888 2115 summa
911 2039 1069 2116 inflicta:
1107 2040 1163 2116 sie
1190 2047 1227 2114 et
1254 2038 1312 2128 iis,

206 2164 258 2260 qui
281 2163 501 2262 pecuarium,
541 2173 744 2261 quaestum,
784 2163 942 2262 opificia,
980 2187 1026 2241 ao
1053 2164 1178 2239 vomas
1208 2171 1311 2238 artes

207 2297 375 2378 exercent,
412 2288 622 2386 impositum
651 2296 729 2381 est,
766 2298 807 2365 ut
834 2310 962 2364 omnes
990 2287 1137 2364 tandem
1157 2287 1195 2361 in
1215 2311 1309 2363 com-

208 2437 299 2489 mune
316 2415 386 2490 boc
404 2414 494 2490 belli
519 2416 724 2491 subsidium
743 2415 884 2513 aliquid
894 2417 1115 2491 conferrent.
1134 2415 1179 2490 Id
1189 2423 1311 2490 tamen

209 2539 365 2638 quioquid
382 2549 495 2633 esset,
514 2562 588 2615 non
605 2540 644 2614 iu
663 2540 759 2615 alios
778 2561 879 2634 osus,
909 2541 982 2615 nisi
1010 2541 1048 2615 in
1068 2563 1144 2632 eos,
1164 2539 1227 2637 qui
1256 2562 1312 2613 re·

209 2685 285 2738 cens
301 2674 541 2761 emergerent,
560 2663 722 2742 Senatus
740 2666 865 2759 totins,
885 2673 923 2742 et
943 2666 1133 2741 duodecim
1152 2666 1313 2740 delecto·

209 2810 278 2863 rum
294 2789 486 2884 homiuum,
525 2812 677 2888 quornm
704 2793 850 2867 nomina
877 2799 963 2868 sunt
990 2791 1149 2890 publicis
1174 2790 1313 2866 tabulis

210 2915 344 3010 inserta,
363 2939 558 3010 consensu,
577 2918 703 3012 abiis,
723 2919 785 3016 qui
812 2919 1005 3017 pecuniam
1036 2918 1150 3011 illam,
1176 2926 1213 2993 ct
1231 2939 1315 2992 con·

212 3041 378 3134 servandi,
414 3050 452 3117 et
482 3043 662 3140 erogandi
689 3051 922 3142 potestatem,
960 3043 1127 3118 ordinum
1153 3041 1314 3125 decreto,

212 3166 437 3263 accepissent,
457 3169 684 3263 gravissima
701 3168 739 3243 in
758 3176 1002 3244 temeratores
1030 3166 1206 3243 infamiae
1224 3173 1314 3241 uota

213 3290 378 3388 apposita,
397 3293 559 3390 impendi
586 3296 790 3370 voluerunt
828 3293 900 3368 His
929 3292 1147 3384 constitutis,
1185 3291 1316 3390 dieque

213 3414 310 3506 dicta
329 3418 373 3492 ad
392 3439 502 3518 quam
520 3419 718 3494 universae
746 3418 960 3516 provinciae
979 3418 1109 3517 copiae
1130 3417 1317 3510 adessent,

212 3549 354 3639 tuncque
371 3551 516 3642 postea,
534 3554 735 3644 perspecta
753 3545 858 3644 prius
887 3543 1016 3620 Sinoni
1042 3546 1242 3634 voluntate,
1272 3543 1317 3618 de

217 3664 307 3740 bello
324 3670 486 3764 gerendo
515 3678 749 3763 statueretur,
786 3670 909 3746 soluto
928 3667 1138 3762 Oonventu,
1177 3668 1226 3746 ad
1249 3690 1317 3743 sua

216 3789 355 3890 quisque
373 3793 529 3869 rediere.

466 4075 640 4153 CAPVT
679 4074 1049 4154 DVODECIMVM.

218 4251 267 4325 De
300 4253 467 4356 lepatione
506 4257 698 4353 Principis
749 4254 992 4352 llaaeplcaol
1028 4251 1080 4326 ad
1106 4247 1318 4350 Pontificem

265 4377 459 4455 Hectoreum
478 4389 601 4472 larissa,
621 4381 794 4456 rectinere
807 4377 1265 4474 Clottdiopoiimsuscepto

313 4558 365 4634 Eo
393 4569 558 4657 tempore
585 4580 816 4655 nequaquam
858 4555 1218 4656 praetermittendum
1248 4555 1320 4629 sibi

219 4675 390 4782 Princeps,
409 4707 479 4783 pro
498 4706 568 4760 sua
585 4683 775 4778 religione,
795 4692 833 4758 et
851 4683 889 4757 in
909 4706 1055 4759 sacrum
1076 4681 1239 4782 ordinem
1259 4683 1321 4756 ob·
1421 4667 1424 4674 ’
