3625 5534
658 495 855 562 dsrrusulr.
1250 487 1326 558 XLI

214 685 327 759 verbio
344 683 619 782 responderent,
642 679 754 778 quale
771 686 830 756 est
848 679 942 757 illud
957 679 996 755 in
1032 677 1225 774 Digestis:
1255 671 1319 749 ere*

215 837 319 882 ncnc
346 805 407 882 ace*
430 835 563 906 παντη,
583 804 646 882 scd
666 833 767 907 napa
783 833 930 886 παντων,
950 833 959 879 :
990 805 1067 879 Nec
1096 808 1231 897 omnic,
1249 826 1317 875 nec

211 936 346 1032 panim,
364 958 431 1008 nec
450 933 496 1008 ab
516 931 688 1008 omntbm.

305 1061 444 1158 Magne
462 1068 521 1138 est
538 1059 653 1157 igitur
671 1059 753 1136 laus
771 1058 949 1135 bonorum
974 1056 1193 1154 Principum,
1224 1071 1262 1134 ιιι
1283 1062 1321 1132 et

210 1187 398 1264 orationem
429 1195 466 1265 et
492 1208 620 1262 omues
639 1207 727 1262 suas
746 1187 912 1261 actiones
937 1184 991 1261 ita
1018 1186 1259 1278 conforment,
1279 1191 1320 1261 ut

211 1314 367 1414 quicquid
386 1315 436 1390 ab
451 1314 545 1413 ipsis
562 1320 768 1412 promanat,
786 1311 825 1388 id
843 1333 917 1386 non
935 1311 1008 1386 uisi
1026 1318 1200 1408 tauquam
1220 1312 1322 1408 pium·

209 1453 338 1518 etcum
366 1443 465 1518 omni
488 1442 659 1516 virtutum
687 1461 824 1536 genere
853 1437 1083 1514 coniunctum
1109 1459 1179 1538 pro
1197 1459 1317 1514 exem·

207 1571 300 1669 plari,
316 1568 414 1669 quod
430 1569 616 1645 imitentur
639 1567 777 1643 caeteri
794 1567 982 1654 mortales,
1000 1565 1140 1641 habere
1155 1564 1312 1664 possint.

302 1695 387 1772 Dixi
406 1694 568 1772 secundo
587 1692 678 1780 loco,
698 1692 914 1769 Paroemias
942 1692 991 1766 ad
1017 1691 1315 1790 persuadendum

207 1845 337 1919 quoquc
354 1821 548 1921 plurimum
576 1841 701 1920 posse.
731 1817 829 1912 Quid
858 1819 954 1894 enim
973 1817 1212 1894 verisimilius
1230 1838 1316 1894 esse

205 1955 326 2046 potest,
343 1972 454 2047 quam
473 1947 510 2025 id
530 1947 628 2047 quod
644 1954 700 2024 tot
717 1951 1018 2044 aetatumtotque
1029 1945 1218 2021 nationum
1229 1965 1314 2020 con·

205 2097 324 2152 sensus
342 2084 380 2152 et
401 2075 586 2175 publicum
615 2073 799 2173 quoddam
825 2072 940 2149 totius
967 2071 1071 2148 orbis
1097 2071 1314 2166 suffragium

205 2202 469 2302 comprobavit?
487 2199 647 2278 Proinde
665 2225 739 2278 non
757 2199 937 2275 immerito
956 2197 1072 2274 divini
1090 2219 1312 2297 quoqueva·

204 2337 253 2404 tes
278 2329 425 2405 oracula
452 2351 522 2405 sua
547 2326 757 2428 proverbiis
784 2325 1035 2426 compluribus
1064 2324 1309 2401 illustrarunt.

207 2453 329 2531 Eorum
348 2456 394 2530 de
413 2477 564 2532 numero
581 2462 640 2531 est
656 2453 758 2529 illud:
789 2452 915 2527 Patres
942 2453 1057 2527 nostri
1080 2451 1311 2528 comederunt

203 2607 298 2656 ornan
318 2581 486 2656 acerbum
513 2594 544 2656 ct
562 2580 679 2656 denter
706 2583 821 2654 nostri
848 2579 1119 2676 obstupescerent,
1146 2586 1185 2654 et
1202 2601 1311 2677 quam

203 2706 344 2804 plurima
360 2707 508 2800 similia,
528 2729 624 2806 quae
647 2729 715 2782 nos
734 2729 780 2782 ex
809 2705 1078 2804 posterioribus
1099 2704 1309 2781 Paroemio·

104 2813 105 2834 Ν
204 2834 342 2934 grspbis
360 2840 420 2910 sat
439 2833 638 2933 diligenter
655 2833 918 2932 excerpsimus,
936 2840 974 2909 et
991 2855 1073 2910 cum
1090 2833 1140 2908 ab
1150 2832 1309 2910 Eresmo

204 2959 266 3036 sint
282 2961 557 3061 praetermissa,
575 2961 614 3036 in
631 2969 855 3060 postremam
875 2956 1083 3036 Obilicdem
1105 2958 1307 3036 retulimus.

295 3085 469 3164 Suluator
488 3096 588 3163 certe
607 3094 735 3163 noster
762 3108 875 3184 saepe
903 3085 1113 3184 proverbiis
1150 3085 1199 3161 ad
1226 3109 1308 3184 per·

202 3211 410 3290 sumendum
428 3212 482 3290 uti
499 3235 571 3290 non
591 3217 770 3310 gravnus
789 3218 858 3308 est,
886 3213 995 3309 qusle
1022 3219 1080 3288 est
1105 3211 1217 3288 illud:
1246 3210 1309 3285 En·

192 3331 308 3432 fracto
324 3342 547 3440 copnoocitnr
565 3340 683 3414 arbor.
711 3339 826 3415 Item:
850 3338 1056 3416 Uecinimrn
1082 3339 1181 3414 nobie
1199 3339 1309 3433 tibiis,

200 3477 225 3534 ct
242 3487 311 3540 nnn
328 3465 495 3560 saltastis,
514 3467 706 3541 cecinimus
724 3465 897 3566 improbrior
917 3477 951 3538 ct
969 3489 1043 3538 non
1054 3466 1250 3562 plorastis:
1270 3474 1310 3544 ct

199 3590 294 3686 plura
321 3591 467 3668 similia.
506 3589 609 3668 Idem
635 3592 800 3668 feserunt
827 3587 1002 3689 Apostoli
1028 3613 1074 3666 ac
1103 3590 1308 3669 doctissimi

200 3717 318 3816 quique
337 3718 483 3811 Patres,
503 3717 767 3808 Tertullianus,
783 3715 1026 3814 Augustinus,
1046 3714 1306 3817 Hieronymus,

199 3851 229 3916 ct
244 3847 387 3936 caeteri,
398 3869 551 3944 quorum
564 3845 722 3922 omnium
741 3845 881 3943 scripta
899 3845 1159 3922 eruditissimis
1175 3867 1305 3944 perse·

199 3969 278 4063 niis,
296 3981 469 4071 nuquam
488 3972 696 4072 insignibus
715 3970 934 4072 quibusdam
960 3973 1165 4071 gemmulis,
1192 3972 1305 4048 reler-

197 4093 327 4174 tissima
345 4106 443 4175 sunt.

289 4226 367 4302 Iam
387 4225 421 4300 si
440 4225 488 4301 ad
506 4224 734 4326 prophanus,
748 4227 924 4303 authores
950 4226 1160 4303 veniemus:
1189 4249 1302 4325 quan·
1389 4240 1392 4244 ‘

197 4353 258 4422 tum
284 4351 482 4449 proverbia
501 4353 707 4428 conducant
733 4353 781 4430 ad
800 4351 1104 4451 persuadendum,
1140 4352 1203 4428 vel
1219 4351 1303 4452 ipse

198 4467 490 4576 Philosophorum
521 4477 703 4578 Princeps
741 4480 835 4556 satis
863 4478 1033 4571 ostendit,
1060 4479 1124 4577 qui
1150 4479 1301 4580 saepius

197 4599 315 4699 edsgia
333 4603 370 4678 in
390 4602 605 4681 Rhetoricis
623 4606 834 4707 praeceptis
859 4605 955 4686 iuter
980 4604 1192 4684 testimonia
1217 4628 1302 4687 oon·
