3625 5534
539 493 590 545 nn
608 494 690 546 nnn.
710 490 795 546 vus.
815 491 897 546 nuc.
917 489 966 545 m.
988 491 1021 546 u.
1041 490 1080 546 11.
1299 472 1377 550 327

252 670 328 746 mnl
355 669 540 766 equitibus
570 671 721 746 daretur
750 662 955 766 (signnml)
987 667 1190 766 Postquam
1219 667 1380 746 Barbari

253 794 389 892 oppido
405 795 767 893 appropinquarunt:
789 793 900 867 mittit
911 795 1035 870 Bassa
1045 794 1281 871 confestime
1301 796 1380 871 suis

252 920 470 996 selectiores
489 921 632 1018 aliquot
650 928 923 1013 antecursores,
935 921 998 1017 qui
1016 921 1172 997 terroris
1192 921 1380 997 iniiciendf

252 1045 374 1140 gratia
384 1046 554 1122 aedificis
564 1046 659 1121 citro
668 1067 808 1120 moram
817 1043 1099 1132 inflammarent.
1117 1046 1233 1123 Idnbi
1244 1050 1380 1124 factum

250 1156 394 1262 fnisset,
413 1171 594 1271 simulque
613 1172 773 1248 Barbari
793 1172 950 1248 insidias
972 1182 1181 1249 nostrorum
1212 1182 1381 1274 praeter·

250 1299 374 1392 gressi
392 1299 561 1393 fuissent,
592 1299 763 1397 quamvis
782 1298 954 1394 provisor
981 1299 1172 1396 praecepti
1190 1300 1379 1376 immemor

252 1446 337 1499 sero
356 1425 395 1499 id
412 1426 563 1518 fecerit,
593 1425 680 1500 dato
707 1445 855 1522 pugnae
883 1425 991 1518 signo
1011 1426 1159 1522 Vngari
1186 1427 1380 1502 confestim

251 1558 480 1648 procurrunt,
499 1573 544 1625 ac
562 1550 709 1625 sublato
721 1552 881 1625 clamore
891 1551 1109 1626 acerrimum
1128 1575 1208 1627 oum
1219 1553 1265 1627 iis
1276 1575 1382 1650 prae-

249 1677 338 1752 lium
357 1676 492 1750 ineunt.
531 1676 615 1751 Non
639 1675 758 1750 minus
777 1675 954 1750 audacter
972 1675 1121 1752 'Furcae
1141 1701 1285 1775 quoque
1304 1701 1379 1754 ma-

249 1825 428 1878 nuscum
456 1802 596 1877 nostris
624 1810 839 1893 conserunt,
877 1825 922 1877 eo
942 1810 1085 1892 eventu,
1122 1810 1161 1878 nt
1179 1803 1253 1879 uisi
1270 1801 1381 1879 liberi

248 1928 394 2028 pedites
421 1936 602 2006 maturam
630 1929 815 2026 equitibus
843 1953 949 2026 opem
978 1928 1170 2017 tulissent,
1198 1929 1277 2004 fere
1306 1930 1379 2005 iam

248 2057 366 2132 nostri
383 2057 421 2131 in
438 2056 566 2152 fugam
585 2077 627 2130 se
646 2055 847 2130 dedissent.
868 2054 944 2129 Sed
962 2055 1099 2130 milites
1116 2055 1207 2130 duee
1218 2055 1379 2131 Martino

249 2182 398 2258 Horvtt
423 2183 462 2256 in
480 2182 627 2256 'furcas
665 2181 848 2256 irruentes
879 2183 1065 2276 extemplo
1094 2183 1221 2256 cosin
1249 2183 1377 2279 fugam

249 2316 409 2384 vertunt.
437 2310 584 2383 Instant
611 2307 838 2402 fugientibus
858 2308 987 2400 nostri,
1018 2331 1063 2382 ac
1081 2331 1128 2382 ne
1142 2308 1306 2407 praedae
1323 2309 1377 2382 in·

248 2435 395 2509 hiantes
413 2432 605 2509 Barbaros
625 2455 645 2506 e
665 2433 836 2508 manibus
855 2433 954 2508 elabi
981 2433 1184 2531 patiantur,
1206 2432 1380 2508 Andreas

248 2562 404 2637 Barcsai
423 2571 461 2637 et
479 2563 639 2637 Ioannes
660 2562 824 2659 chturi
852 2561 1000 2636 sublata
1020 2584 1111 2637 voce
1139 2560 1380 2652 inclamitant,

248 2697 360 2787 atque
389 2689 459 2765 sub
487 2689 621 2788 capitis
648 2685 813 2788 periculo
841 2688 1027 2764 universis
1049 2688 1280 2764 denunciant
1318 2685 1378 2762 Ita

248 2815 350 2890 caesi
367 2817 448 2890 fere
466 2837 604 2907 omnes,
624 2814 724 2912 capti
740 2814 950 2913 pauciores,
971 2813 1095 2890 Bassa
1113 2837 1194 2889 cum
1205 2814 1277 2889 LX
1296 2836 1379 2890 suo·

247 2965 328 3018 rum
364 2942 453 3039 fuga
481 2942 653 3039 elapsus:
690 2941 859 3016 omnibns
895 2941 1010 3036 igitur
1039 2941 1078 3014 in
1104 2944 1230 3037 fugam
1258 2940 1380 3016 versis

245 3069 416 3165 fugiebat
444 3068 582 3165 etipse
600 3067 725 3142 Bassa
743 3089 838 3164 equo
858 3074 986 3143 vectus
1015 3066 1262 3156 velocissimo,
1283 3088 1378 3140 cnm·

248 3218 319 3293 que
337 3194 521 3270 Martinus
539 3194 686 3268 Horvtt
711 3192 869 3288 fugienti
895 3192 1063 3286 instaret,
1091 3192 1188 3266 forte
1212 3189 1321 3265 ambo
1341 3191 1380 3266 in

246 3329 447 3398 torrentem
475 3318 668 3418 quomdam
696 3319 934 3394 devenerunt.
973 3317 1032 3393 Ibi
1051 3318 1178 3393 Bassa
1203 3339 1297 3414 equo
1317 3316 1378 3394 de·

245 3450 375 3547 lapsus
393 3469 523 3547 parum
542 3446 660 3522 abfuit
678 3445 767 3544 quin
793 3443 997 3520 aMartino
1025 3453 1230 3543 caperetur,
1258 3447 1378 3522 vitare

247 3582 369 3650 autem
389 3574 537 3650 omnino
555 3596 629 3648 non
647 3573 777 3673 potuit,
797 3572 885 3669 quin
903 3573 953 3646 sb
972 3593 1017 3650 eo
1034 3571 1223 3648 insiliente
1233 3573 1377 3650 saucia·

245 3709 358 3795 retur,
379 3700 447 3776 sed
466 3701 647 3778 tamenin
666 3723 800 3799 equum
819 3699 1010 3774 confestim
1031 3698 1203 3774 chsliis
1224 3699 1376 3775 circum·

246 3829 432 3904 stantibus
452 3830 636 3921 sublatus,
656 3829 775 3904 effusa
793 3827 866 3903 sibi
879 3827 1174 3923 fugaconsulnit.
1193 3827 1377 3902 Martinus

246 3952 404 4038 Horvtt,
435 3975 545 4051 quum
572 3954 688 4051 pedes
717 3950 803 4049 eqni
840 3950 898 4027 sui
918 3949 1017 4026 saltu
1044 3949 1134 4043 eins,
1159 3972 1267 4047 quem
1286 3951 1378 4026 dixi·

247 4099 339 4172 mus,
357 4077 535 4153 torrentis
546 4078 672 4153 laesos
683 4076 1089 4173 vidisset,Bassamque
1099 4075 1190 4172 fuga
1200 4076 1378 4178 clapsum,

244 4203 422 4304 prosequi
458 4227 540 4280 eum
568 4205 698 4298 desiit,
735 4211 773 4280 et
800 4203 849 4280 ad
877 4225 966 4279 suos
994 4225 1037 4278 se
1063 4203 1215 4301 recepit.
1254 4203 1379 4279 Bassa

244 4330 517 4408 'l'bmiisvarum
535 4354 721 4428 reversus,
751 4354 861 4430 quum
888 4329 994 4406 varie
1013 4337 1224 4426 angeretur,
1243 4328 1377 4428 postri-

245 4458 315 4551 die,
344 4460 502 4534 collecta
529 4481 678 4534 snorum
697 4482 818 4551 manu,
846 4456 885 4531 in
902 4455 1104 4554 proximas,
1137 4478 1209 4552 qua
1235 4455 1378 4552 fugien-

244 4585 328 4662 dum
347 4586 501 4684 reliquis
519 4586 599 4680 fuit,
618 4587 751 4684 sylvas
770 4586 969 4684 profectus,
989 4583 1126 4657 usitato
1146 4604 1238 4659 sono
1256 4579 1376 4657 bacci*

244 4734 316 4787 uae
335 4734 423 4788 suos
442 4733 463 4787 e
481 4713 573 4808 fuga
592 4712 784 4810 colligere,
814 4719 853 4786 et
880 4709 1101 4786 contrahere
1130 4715 1285 4784 conatus
1305 4723 1375 4792 est
