<?xml version="1.0" encoding="UTF-8"?>
<!DOCTYPE html PUBLIC "-//W3C//DTD XHTML 1.0 Transitional//EN"
    "http://www.w3.org/TR/xhtml1/DTD/xhtml1-transitional.dtd">
<html xmlns="http://www.w3.org/1999/xhtml" xml:lang="en" lang="en">
 <head>
  <title>
</title>
<meta http-equiv="Content-Type" content="text/html;charset=utf-8" />
  <meta name='ocr-system' content='tesseract 3.04.00' />
  <meta name='ocr-capabilities' content='ocr_page ocr_carea ocr_par ocr_line ocrx_word'/>
</head>
<body>
  <div class='ocr_page' id='page_1' title='image "./magyarhistorija00decsgoog_0370.png"; bbox 0 0 3625 5534; ppageno 0'>
   <div class='ocr_carea' id='block_1_1' title="bbox 490 494 1222 572">
    <p class='ocr_par' dir='ltr' id='par_1_1' title="bbox 490 494 1222 572">
     <span class='ocr_line' id='line_1_1' title="bbox 490 494 1222 572; baseline -0.011 0"><span class='ocrx_word' id='word_1_1' title='bbox 490 494 568 572; x_wconf 79' lang='lat'>280</span> <span class='ocrx_word' id='word_1_2' title='bbox 887 517 936 566; x_wconf 92' lang='lat'>10.</span> <span class='ocrx_word' id='word_1_3' title='bbox 956 514 1055 566; x_wconf 86' lang='lat' dir='ltr'>nncn</span> <span class='ocrx_word' id='word_1_4' title='bbox 1073 513 1222 566; x_wconf 77' lang='lat' dir='ltr'>sunovn</span> 
     </span>
    </p>
   </div>
   <div class='ocr_carea' id='block_1_2' title="bbox 490 687 1620 2811">
    <p class='ocr_par' dir='ltr' id='par_1_2' title="bbox 490 660 1736 2811">
     <span class='ocr_line' id='line_1_2' title="bbox 490 687 1610 787; baseline -0.01 -15"><span class='ocrx_word' id='word_1_5' title='bbox 490 698 527 772; x_wconf 87' lang='lat' dir='ltr'>in</span> <span class='ocrx_word' id='word_1_6' title='bbox 546 694 626 768; x_wconf 88' lang='lat' dir='ltr'>looo</span> <span class='ocrx_word' id='word_1_7' title='bbox 646 692 728 768; x_wconf 87' lang='lat' dir='ltr'>sisti</span> <span class='ocrx_word' id='word_1_8' title='bbox 745 691 856 767; x_wconf 90' lang='lat' dir='ltr'>iubet.</span> <span class='ocrx_word' id='word_1_9' title='bbox 887 687 962 766; x_wconf 84' lang='lat' dir='ltr'>Sed</span> <span class='ocrx_word' id='word_1_10' title='bbox 981 713 1062 765; x_wconf 89' lang='lat' dir='ltr'>oum</span> <span class='ocrx_word' id='word_1_11' title='bbox 1082 689 1235 787; x_wconf 86' lang='lat' dir='ltr'>panious</span> <span class='ocrx_word' id='word_1_12' title='bbox 1264 713 1390 766; x_wconf 90' lang='lat' dir='ltr'>omnes</span> <span class='ocrx_word' id='word_1_13' title='bbox 1411 699 1532 766; x_wconf 85' lang='lat' dir='ltr'>terror</span> <span class='ocrx_word' id='word_1_14' title='bbox 1555 692 1610 767; x_wconf 89' lang='lat' dir='ltr'>in·</span> 
     </span>
     <span class='ocr_line' id='line_1_3' title="bbox 493 817 1618 914; baseline -0.004 -18"><span class='ocrx_word' id='word_1_15' title='bbox 493 821 679 910; x_wconf 82' lang='lat' dir='ltr'>cessisset,</span> <span class='ocrx_word' id='word_1_16' title='bbox 698 817 953 914; x_wconf 84' lang='lat' dir='ltr'>ingruentibus</span> <span class='ocrx_word' id='word_1_17' title='bbox 972 817 1120 892; x_wconf 85' lang='lat' dir='ltr'>iamiam</span> <span class='ocrx_word' id='word_1_18' title='bbox 1140 817 1332 908; x_wconf 82' lang='lat' dir='ltr'>Barbaris,</span> <span class='ocrx_word' id='word_1_19' title='bbox 1352 827 1390 894; x_wconf 92' lang='lat' dir='ltr'>ut</span> <span class='ocrx_word' id='word_1_20' title='bbox 1407 819 1443 893; x_wconf 92' lang='lat' dir='ltr'>iu</span> <span class='ocrx_word' id='word_1_21' title='bbox 1454 817 1618 894; x_wconf 84' lang='lat' dir='ltr'>meliora</span> 
     </span>
     <span class='ocr_line' id='line_1_4' title="bbox 493 945 1617 1044; baseline -0.004 -19"><span class='ocrx_word' id='word_1_22' title='bbox 493 973 535 1025; x_wconf 90' lang='lat' dir='ltr'>se</span> <span class='ocrx_word' id='word_1_23' title='bbox 552 955 764 1024; x_wconf 85' lang='lat' dir='ltr'>reservaret</span> <span class='ocrx_word' id='word_1_24' title='bbox 781 953 959 1044; x_wconf 80' lang='lat' dir='ltr'>tempora,</span> <span class='ocrx_word' id='word_1_25' title='bbox 979 969 1025 1020; x_wconf 82' lang='lat' dir='ltr'>ex</span> <span class='ocrx_word' id='word_1_26' title='bbox 1045 945 1179 1020; x_wconf 81' lang='lat' dir='ltr'>eastris</span> <span class='ocrx_word' id='word_1_27' title='bbox 1198 945 1279 1043; x_wconf 88' lang='lat' dir='ltr'>ipse</span> <span class='ocrx_word' id='word_1_28' title='bbox 1298 945 1617 1043; x_wconf 83' lang='lat' dir='ltr'>quoqueexoedit,</span> 
     </span>
     <span class='ocr_line' id='line_1_5' title="bbox 494 1068 1618 1168; baseline -0.004 -17"><span class='ocrx_word' id='word_1_29' title='bbox 494 1084 530 1152; x_wconf 90' lang='lat' dir='ltr'>et</span> <span class='ocrx_word' id='word_1_30' title='bbox 548 1072 804 1150; x_wconf 77' lang='lat' dir='ltr'>comitantibus</span> <span class='ocrx_word' id='word_1_31' title='bbox 831 1093 914 1145; x_wconf 90' lang='lat' dir='ltr'>eum</span> <span class='ocrx_word' id='word_1_32' title='bbox 942 1070 1054 1146; x_wconf 89' lang='lat' dir='ltr'>Petro</span> <span class='ocrx_word' id='word_1_33' title='bbox 1083 1069 1242 1163; x_wconf 78' lang='lat' dir='ltr'>Husntr,</span> <span class='ocrx_word' id='word_1_34' title='bbox 1273 1068 1440 1168; x_wconf 80' lang='lat' dir='ltr'>Osspsro</span> <span class='ocrx_word' id='word_1_35' title='bbox 1463 1073 1618 1148; x_wconf 91' lang='lat' dir='ltr'>Kornis</span> 
     </span>
     <span class='ocr_line' id='line_1_6' title="bbox 494 1197 1617 1299; baseline -0.002 -23"><span class='ocrx_word' id='word_1_36' title='bbox 494 1211 531 1278; x_wconf 91' lang='lat' dir='ltr'>et</span> <span class='ocrx_word' id='word_1_37' title='bbox 549 1199 677 1299; x_wconf 81' lang='lat' dir='ltr'>pausis</span> <span class='ocrx_word' id='word_1_38' title='bbox 696 1198 780 1274; x_wconf 88' lang='lat' dir='ltr'>aliis</span> <span class='ocrx_word' id='word_1_39' title='bbox 800 1199 938 1272; x_wconf 88' lang='lat' dir='ltr'>sensim</span> <span class='ocrx_word' id='word_1_40' title='bbox 958 1221 999 1272; x_wconf 87' lang='lat' dir='ltr'>se</span> <span class='ocrx_word' id='word_1_41' title='bbox 1018 1197 1067 1272; x_wconf 86' lang='lat' dir='ltr'>ad</span> <span class='ocrx_word' id='word_1_42' title='bbox 1086 1219 1173 1272; x_wconf 89' lang='lat' dir='ltr'>suos</span> <span class='ocrx_word' id='word_1_43' title='bbox 1192 1199 1342 1295; x_wconf 85' lang='lat' dir='ltr'>reoepit.</span> <span class='ocrx_word' id='word_1_44' title='bbox 1364 1197 1485 1274; x_wconf 85' lang='lat' dir='ltr'>Fusos</span> <span class='ocrx_word' id='word_1_45' title='bbox 1504 1199 1617 1294; x_wconf 74' lang='lat' dir='ltr'>fuga-</span> 
     </span>
     <span class='ocr_line' id='line_1_7' title="bbox 492 1322 1617 1425; baseline -0.004 -21"><span class='ocrx_word' id='word_1_46' title='bbox 492 1337 624 1425; x_wconf 86' lang='lat' dir='ltr'>tosque</span> <span class='ocrx_word' id='word_1_47' title='bbox 652 1323 886 1401; x_wconf 81' lang='lat' dir='ltr'>Christianos</span> <span class='ocrx_word' id='word_1_48' title='bbox 915 1324 963 1398; x_wconf 84' lang='lat' dir='ltr'>ad</span> <span class='ocrx_word' id='word_1_49' title='bbox 994 1345 1190 1424; x_wconf 87' lang='lat' dir='ltr'>vesperam</span> <span class='ocrx_word' id='word_1_50' title='bbox 1217 1346 1333 1424; x_wconf 86' lang='lat' dir='ltr'>nsque</span> <span class='ocrx_word' id='word_1_51' title='bbox 1360 1322 1486 1400; x_wconf 86' lang='lat' dir='ltr'>hostes</span> <span class='ocrx_word' id='word_1_52' title='bbox 1513 1327 1617 1400; x_wconf 84' lang='lat' dir='ltr'>inse-</span> 
     </span>
     <span class='ocr_line' id='line_1_8' title="bbox 491 1452 1620 1554; baseline -0.003 -23"><span class='ocrx_word' id='word_1_53' title='bbox 491 1461 647 1554; x_wconf 90' lang='lat' dir='ltr'>quuntur</span> <span class='ocrx_word' id='word_1_54' title='bbox 678 1475 723 1526; x_wconf 87' lang='lat' dir='ltr'>ao</span> <span class='ocrx_word' id='word_1_55' title='bbox 751 1453 918 1543; x_wconf 81' lang='lat' dir='ltr'>caedunt,</span> <span class='ocrx_word' id='word_1_56' title='bbox 948 1474 1030 1526; x_wconf 86' lang='lat' dir='ltr'>mox</span> <span class='ocrx_word' id='word_1_57' title='bbox 1058 1452 1222 1528; x_wconf 88' lang='lat' dir='ltr'>tenebris</span> <span class='ocrx_word' id='word_1_58' title='bbox 1247 1452 1413 1551; x_wconf 85' lang='lat' dir='ltr'>impediti</span> <span class='ocrx_word' id='word_1_59' title='bbox 1430 1453 1469 1526; x_wconf 92' lang='lat' dir='ltr'>in</span> <span class='ocrx_word' id='word_1_60' title='bbox 1486 1459 1620 1528; x_wconf 85' lang='lat' dir='ltr'>eastra</span> 
     </span>
     <span class='ocr_line' id='line_1_9' title="bbox 490 1576 1620 1680; baseline 0.001 -24"><span class='ocrx_word' id='word_1_61' title='bbox 490 1603 559 1680; x_wconf 91' lang='lat' dir='ltr'>per</span> <span class='ocrx_word' id='word_1_62' title='bbox 576 1585 719 1656; x_wconf 86' lang='lat' dir='ltr'>noetern</span> <span class='ocrx_word' id='word_1_63' title='bbox 738 1577 894 1654; x_wconf 86' lang='lat' dir='ltr'>rediere.</span> <span class='ocrx_word' id='word_1_64' title='bbox 934 1576 1076 1680; x_wconf 82' lang='lat' dir='ltr'>Quodsi</span> <span class='ocrx_word' id='word_1_65' title='bbox 1098 1599 1171 1652; x_wconf 85' lang='lat' dir='ltr'>nox</span> <span class='ocrx_word' id='word_1_66' title='bbox 1194 1578 1380 1676; x_wconf 82' lang='lat' dir='ltr'>fugientes</span> <span class='ocrx_word' id='word_1_67' title='bbox 1398 1601 1473 1653; x_wconf 91' lang='lat' dir='ltr'>uon</span> <span class='ocrx_word' id='word_1_68' title='bbox 1489 1587 1620 1676; x_wconf 87' lang='lat' dir='ltr'>prote·</span> 
     </span>
     <span class='ocr_line' id='line_1_10' title="bbox 490 1703 1619 1799; baseline -0.002 -17"><span class='ocrx_word' id='word_1_69' title='bbox 490 1707 617 1796; x_wconf 82' lang='lat' dir='ltr'>xisset,</span> <span class='ocrx_word' id='word_1_70' title='bbox 636 1728 708 1780; x_wconf 90' lang='lat' dir='ltr'>nae</span> <span class='ocrx_word' id='word_1_71' title='bbox 733 1703 798 1780; x_wconf 88' lang='lat' dir='ltr'>illo</span> <span class='ocrx_word' id='word_1_72' title='bbox 828 1705 1057 1779; x_wconf 82' lang='lat' dir='ltr'>diemaxima</span> <span class='ocrx_word' id='word_1_73' title='bbox 1084 1713 1171 1799; x_wconf 85' lang='lat' dir='ltr'>post</span> <span class='ocrx_word' id='word_1_74' title='bbox 1199 1705 1382 1780; x_wconf 87' lang='lat' dir='ltr'>hominum</span> <span class='ocrx_word' id='word_1_75' title='bbox 1401 1705 1619 1780; x_wconf 84' lang='lat' dir='ltr'>memoriam</span> 
     </span>
     <span class='ocr_line' id='line_1_11' title="bbox 491 1829 1620 1928; baseline -0.001 -20"><span class='ocrx_word' id='word_1_76' title='bbox 491 1840 619 1928; x_wconf 78' lang='lat' dir='ltr'>strage</span> <span class='ocrx_word' id='word_1_77' title='bbox 638 1829 841 1906; x_wconf 80' lang='lat' dir='ltr'>Christiani</span> <span class='ocrx_word' id='word_1_78' title='bbox 862 1829 985 1905; x_wconf 81' lang='lat' dir='ltr'>offeoti</span> <span class='ocrx_word' id='word_1_79' title='bbox 1004 1829 1170 1906; x_wconf 86' lang='lat' dir='ltr'>fuissent.</span> <span class='ocrx_word' id='word_1_80' title='bbox 1192 1829 1270 1906; x_wconf 85' lang='lat' dir='ltr'>Sed</span> <span class='ocrx_word' id='word_1_81' title='bbox 1286 1831 1449 1906; x_wconf 88' lang='lat' dir='ltr'>tenebris</span> <span class='ocrx_word' id='word_1_82' title='bbox 1467 1832 1560 1907; x_wconf 83' lang='lat' dir='ltr'>teeti</span> <span class='ocrx_word' id='word_1_83' title='bbox 1581 1833 1620 1908; x_wconf 91' lang='lat' dir='ltr'>in</span> 
     </span>
     <span class='ocr_line' id='line_1_12' title="bbox 493 1955 1620 2055; baseline -0.004 -19"><span class='ocrx_word' id='word_1_84' title='bbox 493 1966 618 2036; x_wconf 83' lang='lat' dir='ltr'>eastra</span> <span class='ocrx_word' id='word_1_85' title='bbox 637 1979 679 2032; x_wconf 87' lang='lat' dir='ltr'>se</span> <span class='ocrx_word' id='word_1_86' title='bbox 697 1964 928 2055; x_wconf 87' lang='lat' dir='ltr'>reoepernnt,</span> <span class='ocrx_word' id='word_1_87' title='bbox 947 1977 993 2030; x_wconf 85' lang='lat' dir='ltr'>ao</span> <span class='ocrx_word' id='word_1_88' title='bbox 1009 1955 1160 2032; x_wconf 82' lang='lat' dir='ltr'>incenso</span> <span class='ocrx_word' id='word_1_89' title='bbox 1170 1956 1356 2054; x_wconf 81' lang='lat' dir='ltr'>Principis</span> <span class='ocrx_word' id='word_1_90' title='bbox 1375 1958 1620 2034; x_wconf 83' lang='lat' dir='ltr'>tabernaonlo</span> 
     </span>
     <span class='ocr_line' id='line_1_13' title="bbox 493 2081 1619 2182; baseline 0 -22"><span class='ocrx_word' id='word_1_91' title='bbox 493 2085 701 2182; x_wconf 85' lang='lat' dir='ltr'>ablatisque</span> <span class='ocrx_word' id='word_1_92' title='bbox 719 2082 831 2159; x_wconf 88' lang='lat' dir='ltr'>rebus</span> <span class='ocrx_word' id='word_1_93' title='bbox 849 2081 1142 2178; x_wconf 81' lang='lat' dir='ltr'>pretiosioribus,</span> <span class='ocrx_word' id='word_1_94' title='bbox 1171 2106 1244 2180; x_wconf 79' lang='lat' dir='ltr'>qus</span> <span class='ocrx_word' id='word_1_95' title='bbox 1262 2083 1391 2180; x_wconf 87' lang='lat' dir='ltr'>ouiqne</span> <span class='ocrx_word' id='word_1_96' title='bbox 1408 2083 1619 2180; x_wconf 85' lang='lat' dir='ltr'>proximum</span> 
     </span>
     <span class='ocr_line' id='line_1_14' title="bbox 494 2208 1619 2307; baseline 0 -19"><span class='ocrx_word' id='word_1_97' title='bbox 494 2220 533 2288; x_wconf 87' lang='lat' dir='ltr'>et</span> <span class='ocrx_word' id='word_1_98' title='bbox 550 2209 883 2286; x_wconf 83' lang='lat' dir='ltr'>eommodr&#39;ssinum</span> <span class='ocrx_word' id='word_1_99' title='bbox 901 2208 980 2300; x_wconf 87' lang='lat' dir='ltr'>fuit,</span> <span class='ocrx_word' id='word_1_100' title='bbox 1001 2209 1101 2284; x_wconf 91' lang='lat' dir='ltr'>nullo</span> <span class='ocrx_word' id='word_1_101' title='bbox 1120 2209 1194 2284; x_wconf 85' lang='lat' dir='ltr'>iam</span> <span class='ocrx_word' id='word_1_102' title='bbox 1213 2216 1300 2284; x_wconf 87' lang='lat' dir='ltr'>tune</span> <span class='ocrx_word' id='word_1_103' title='bbox 1319 2208 1473 2284; x_wconf 82' lang='lat' dir='ltr'>ulterius</span> <span class='ocrx_word' id='word_1_104' title='bbox 1488 2233 1619 2307; x_wconf 84' lang='lat' dir='ltr'>perse·</span> 
     </span>
     <span class='ocr_line' id='line_1_15' title="bbox 496 2334 1620 2436; baseline 0.001 -23"><span class='ocrx_word' id='word_1_105' title='bbox 496 2345 639 2436; x_wconf 88' lang='lat' dir='ltr'>quente,</span> <span class='ocrx_word' id='word_1_106' title='bbox 659 2337 891 2433; x_wconf 80' lang='lat' dir='ltr'>diffugerunt.</span> <span class='ocrx_word' id='word_1_107' title='bbox 932 2334 1074 2427; x_wconf 78' lang='lat' dir='ltr'>Quodsi</span> <span class='ocrx_word' id='word_1_108' title='bbox 1101 2335 1298 2434; x_wconf 88' lang='lat' dir='ltr'>resumptis</span> <span class='ocrx_word' id='word_1_109' title='bbox 1327 2337 1461 2412; x_wconf 84' lang='lat' dir='ltr'>animis</span> <span class='ocrx_word' id='word_1_110' title='bbox 1490 2345 1620 2414; x_wconf 80' lang='lat' dir='ltr'>eastra</span> 
     </span>
     <span class='ocr_line' id='line_1_16' title="bbox 497 2462 1620 2562; baseline 0.003 -24"><span class='ocrx_word' id='word_1_111' title='bbox 497 2487 570 2539; x_wconf 94' lang='lat' dir='ltr'>non</span> <span class='ocrx_word' id='word_1_112' title='bbox 589 2464 860 2540; x_wconf 85' lang='lat' dir='ltr'>deseruissent:</span> <span class='ocrx_word' id='word_1_113' title='bbox 879 2485 953 2538; x_wconf 94' lang='lat' dir='ltr'>non</span> <span class='ocrx_word' id='word_1_114' title='bbox 972 2471 1031 2538; x_wconf 85' lang='lat' dir='ltr'>est</span> <span class='ocrx_word' id='word_1_115' title='bbox 1049 2462 1208 2538; x_wconf 89' lang='lat' dir='ltr'>dubium.</span> <span class='ocrx_word' id='word_1_116' title='bbox 1229 2464 1315 2560; x_wconf 90' lang='lat' dir='ltr'>quin</span> <span class='ocrx_word' id='word_1_117' title='bbox 1329 2462 1521 2539; x_wconf 86' lang='lat' dir='ltr'>victoriam</span> <span class='ocrx_word' id='word_1_118' title='bbox 1530 2487 1620 2562; x_wconf 90' lang='lat' dir='ltr'>pos-</span> 
     </span>
     <span class='ocr_line' id='line_1_17' title="bbox 498 2588 1619 2689; baseline -0.002 -21"><span class='ocrx_word' id='word_1_119' title='bbox 498 2601 577 2668; x_wconf 89' lang='lat' dir='ltr'>tero</span> <span class='ocrx_word' id='word_1_120' title='bbox 598 2593 658 2668; x_wconf 87' lang='lat' dir='ltr'>die</span> <span class='ocrx_word' id='word_1_121' title='bbox 676 2591 965 2688; x_wconf 84' lang='lat' dir='ltr'>redintegraturi</span> <span class='ocrx_word' id='word_1_122' title='bbox 983 2589 1127 2666; x_wconf 79' lang='lat' dir='ltr'>fuerint.</span> <span class='ocrx_word' id='word_1_123' title='bbox 1149 2588 1224 2666; x_wconf 88' lang='lat' dir='ltr'>Sed</span> <span class='ocrx_word' id='word_1_124' title='bbox 1234 2591 1315 2668; x_wconf 92' lang='lat' dir='ltr'>Deo</span> <span class='ocrx_word' id='word_1_125' title='bbox 1336 2592 1384 2666; x_wconf 95' lang='lat' dir='ltr'>ob</span> <span class='ocrx_word' id='word_1_126' title='bbox 1395 2591 1619 2689; x_wconf 87' lang='lat' dir='ltr'>superbiam.</span> 
     </span>
     <span class='ocr_line' id='line_1_18' title="bbox 501 2712 1620 2811; baseline -0.003 -18"><span class='ocrx_word' id='word_1_127' title='bbox 501 2716 695 2793; x_wconf 84' lang='lat' dir='ltr'>avaritiam</span> <span class='ocrx_word' id='word_1_128' title='bbox 715 2726 752 2792; x_wconf 88' lang='lat' dir='ltr'>et</span> <span class='ocrx_word' id='word_1_129' title='bbox 771 2724 897 2792; x_wconf 83' lang='lat' dir='ltr'>cetera</span> <span class='ocrx_word' id='word_1_130' title='bbox 915 2714 1076 2792; x_wconf 81' lang='lat' dir='ltr'>nefanda</span> <span class='ocrx_word' id='word_1_131' title='bbox 1094 2712 1388 2792; x_wconf 83' lang='lat' dir='ltr'>Christianorum</span> <span class='ocrx_word' id='word_1_132' title='bbox 1406 2716 1562 2811; x_wconf 80' lang='lat' dir='ltr'>flagitia,</span> <span class='ocrx_word' id='word_1_133' title='bbox 1581 2717 1620 2790; x_wconf 91' lang='lat' dir='ltr'>iu</span> 
     </span>
    </p>
   </div>
   <div class='ocr_carea' id='block_1_3' title="bbox 496 2843 1622 3574">
    <p class='ocr_par' dir='ltr' id='par_1_3' title="bbox 496 2843 1622 3574">
     <span class='ocr_line' id='line_1_19' title="bbox 496 2843 1620 2942; baseline 0.001 -25"><span class='ocrx_word' id='word_1_134' title='bbox 496 2845 631 2920; x_wconf 84' lang='lat' dir='ltr'>instem</span> <span class='ocrx_word' id='word_1_135' title='bbox 648 2843 741 2917; x_wconf 89' lang='lat' dir='ltr'>iram</span> <span class='ocrx_word' id='word_1_136' title='bbox 761 2865 950 2930; x_wconf 83' lang='lat' dir='ltr'>succenso,</span> <span class='ocrx_word' id='word_1_137' title='bbox 969 2848 1094 2917; x_wconf 85' lang='lat' dir='ltr'>tantus</span> <span class='ocrx_word' id='word_1_138' title='bbox 1114 2863 1241 2917; x_wconf 88' lang='lat' dir='ltr'>omnes</span> <span class='ocrx_word' id='word_1_139' title='bbox 1269 2865 1387 2940; x_wconf 79' lang='lat' dir='ltr'>pavor</span> <span class='ocrx_word' id='word_1_140' title='bbox 1416 2865 1620 2942; x_wconf 84' lang='lat' dir='ltr'>ooonpave·</span> 
     </span>
     <span class='ocr_line' id='line_1_20' title="bbox 498 2968 1617 3068; baseline -0.002 -22"><span class='ocrx_word' id='word_1_141' title='bbox 498 2978 567 3064; x_wconf 84' lang='lat' dir='ltr'>rat,</span> <span class='ocrx_word' id='word_1_142' title='bbox 586 2978 627 3046; x_wconf 93' lang='lat' dir='ltr'>ut</span> <span class='ocrx_word' id='word_1_143' title='bbox 645 2969 812 3068; x_wconf 87' lang='lat' dir='ltr'>quamvis</span> <span class='ocrx_word' id='word_1_144' title='bbox 831 2991 959 3044; x_wconf 88' lang='lat' dir='ltr'>omnes</span> <span class='ocrx_word' id='word_1_145' title='bbox 977 2968 1223 3044; x_wconf 90' lang='lat' dir='ltr'>resistendum</span> <span class='ocrx_word' id='word_1_146' title='bbox 1249 2978 1286 3044; x_wconf 91' lang='lat' dir='ltr'>et</span> <span class='ocrx_word' id='word_1_147' title='bbox 1305 2968 1451 3045; x_wconf 82' lang='lat' dir='ltr'>obviam</span> <span class='ocrx_word' id='word_1_148' title='bbox 1471 2971 1617 3046; x_wconf 79' lang='lat' dir='ltr'>Barba·</span> 
     </span>
     <span class='ocr_line' id='line_1_21' title="bbox 499 3095 1619 3174; baseline 0 -2"><span class='ocrx_word' id='word_1_149' title='bbox 499 3096 552 3172; x_wconf 87' lang='lat' dir='ltr'>ris</span> <span class='ocrx_word' id='word_1_150' title='bbox 588 3097 848 3173; x_wconf 79' lang='lat' dir='ltr'>recurrendum</span> <span class='ocrx_word' id='word_1_151' title='bbox 886 3095 1135 3171; x_wconf 86' lang='lat' dir='ltr'>elamitarent:</span> <span class='ocrx_word' id='word_1_152' title='bbox 1172 3119 1280 3173; x_wconf 89' lang='lat' dir='ltr'>nemo</span> <span class='ocrx_word' id='word_1_153' title='bbox 1316 3103 1439 3171; x_wconf 87' lang='lat' dir='ltr'>tamen</span> <span class='ocrx_word' id='word_1_154' title='bbox 1476 3096 1514 3170; x_wconf 91' lang='lat' dir='ltr'>id</span> <span class='ocrx_word' id='word_1_155' title='bbox 1550 3119 1619 3174; x_wconf 90' lang='lat' dir='ltr'>suo</span> 
     </span>
     <span class='ocr_line' id='line_1_22' title="bbox 498 3220 1619 3318; baseline -0.003 -20"><span class='ocrx_word' id='word_1_156' title='bbox 498 3222 667 3318; x_wconf 84' lang='lat' dir='ltr'>exemplo</span> <span class='ocrx_word' id='word_1_157' title='bbox 703 3221 936 3312; x_wconf 73' lang='lat' dir='ltr'>confirmarit,</span> <span class='ocrx_word' id='word_1_158' title='bbox 959 3220 1026 3296; x_wconf 90' lang='lat' dir='ltr'>sed</span> <span class='ocrx_word' id='word_1_159' title='bbox 1045 3243 1173 3296; x_wconf 90' lang='lat' dir='ltr'>omnes</span> <span class='ocrx_word' id='word_1_160' title='bbox 1192 3221 1241 3296; x_wconf 84' lang='lat' dir='ltr'>ad</span> <span class='ocrx_word' id='word_1_161' title='bbox 1260 3244 1368 3297; x_wconf 87' lang='lat' dir='ltr'>unum</span> <span class='ocrx_word' id='word_1_162' title='bbox 1390 3223 1508 3296; x_wconf 84' lang='lat' dir='ltr'>effusa</span> <span class='ocrx_word' id='word_1_163' title='bbox 1526 3223 1619 3318; x_wconf 78' lang='lat' dir='ltr'>fuga</span> 
     </span>
     <span class='ocr_line' id='line_1_23' title="bbox 500 3347 1620 3446; baseline 0.002 -24"><span class='ocrx_word' id='word_1_164' title='bbox 500 3347 573 3422; x_wconf 89' lang='lat' dir='ltr'>sibi</span> <span class='ocrx_word' id='word_1_165' title='bbox 601 3348 849 3424; x_wconf 77' lang='lat' dir='ltr'>consulebant.</span> <span class='ocrx_word' id='word_1_166' title='bbox 870 3347 951 3439; x_wconf 83' lang='lat' dir='ltr'>Quo</span> <span class='ocrx_word' id='word_1_167' title='bbox 979 3347 1114 3422; x_wconf 81' lang='lat' dir='ltr'>fautum</span> <span class='ocrx_word' id='word_1_168' title='bbox 1142 3355 1211 3439; x_wconf 87' lang='lat' dir='ltr'>est,</span> <span class='ocrx_word' id='word_1_169' title='bbox 1241 3355 1280 3424; x_wconf 93' lang='lat' dir='ltr'>ut</span> <span class='ocrx_word' id='word_1_170' title='bbox 1300 3372 1437 3446; x_wconf 82' lang='lat' dir='ltr'>magne</span> <span class='ocrx_word' id='word_1_171' title='bbox 1458 3349 1620 3446; x_wconf 85' lang='lat' dir='ltr'>equiturn</span> 
     </span>
     <span class='ocr_line' id='line_1_24' title="bbox 502 3471 1622 3574; baseline 0 -25"><span class='ocrx_word' id='word_1_172' title='bbox 502 3480 608 3571; x_wconf 85' lang='lat' dir='ltr'>parte</span> <span class='ocrx_word' id='word_1_173' title='bbox 636 3471 804 3570; x_wconf 79' lang='lat' dir='ltr'>dilapsa,</span> <span class='ocrx_word' id='word_1_174' title='bbox 833 3474 1002 3571; x_wconf 90' lang='lat' dir='ltr'>plerique</span> <span class='ocrx_word' id='word_1_175' title='bbox 1029 3474 1172 3572; x_wconf 79' lang='lat' dir='ltr'>pedites</span> <span class='ocrx_word' id='word_1_176' title='bbox 1199 3482 1275 3550; x_wconf 84' lang='lat' dir='ltr'>tam</span> <span class='ocrx_word' id='word_1_177' title='bbox 1295 3473 1484 3566; x_wconf 83' lang='lat' dir='ltr'>Germani,</span> <span class='ocrx_word' id='word_1_178' title='bbox 1511 3499 1622 3574; x_wconf 83' lang='lat' dir='ltr'>quarn</span> 
     </span>
    </p>
   </div>
   <div class='ocr_carea' id='block_1_4' title="bbox 453 3598 1626 4839">
    <p class='ocr_par' dir='ltr' id='par_1_4' title="bbox 453 3598 1626 4839">
     <span class='ocr_line' id='line_1_25' title="bbox 502 3598 1622 3697; baseline 0 -23"><span class='ocrx_word' id='word_1_179' title='bbox 502 3598 645 3695; x_wconf 83' lang='lat' dir='ltr'>Vugari</span> <span class='ocrx_word' id='word_1_180' title='bbox 663 3598 701 3672; x_wconf 90' lang='lat' dir='ltr'>in</span> <span class='ocrx_word' id='word_1_181' title='bbox 718 3599 808 3693; x_wconf 83' lang='lat' dir='ltr'>fuga</span> <span class='ocrx_word' id='word_1_182' title='bbox 825 3599 1012 3697; x_wconf 89' lang='lat' dir='ltr'>perierint,</span> <span class='ocrx_word' id='word_1_183' title='bbox 1033 3606 1070 3673; x_wconf 92' lang='lat' dir='ltr'>et</span> <span class='ocrx_word' id='word_1_184' title='bbox 1088 3598 1172 3675; x_wconf 89' lang='lat' dir='ltr'>dnm</span> <span class='ocrx_word' id='word_1_185' title='bbox 1197 3601 1262 3675; x_wconf 88' lang='lat' dir='ltr'>alii</span> <span class='ocrx_word' id='word_1_186' title='bbox 1281 3600 1375 3676; x_wconf 87' lang='lat' dir='ltr'>alios</span> <span class='ocrx_word' id='word_1_187' title='bbox 1385 3609 1622 3697; x_wconf 87' lang='lat' dir='ltr'>praevertere</span> 
     </span>
     <span class='ocr_line' id='line_1_26' title="bbox 502 3724 1619 3823; baseline 0 -21"><span class='ocrx_word' id='word_1_188' title='bbox 502 3733 689 3816; x_wconf 85' lang='lat' dir='ltr'>oonautur,</span> <span class='ocrx_word' id='word_1_189' title='bbox 716 3749 888 3820; x_wconf 80' lang='lat' dir='ltr'>magnam</span> <span class='ocrx_word' id='word_1_190' title='bbox 915 3725 1012 3800; x_wconf 90' lang='lat' dir='ltr'>ultro</span> <span class='ocrx_word' id='word_1_191' title='bbox 1042 3724 1114 3801; x_wconf 88' lang='lat' dir='ltr'>sibi</span> <span class='ocrx_word' id='word_1_192' title='bbox 1144 3733 1309 3823; x_wconf 82' lang='lat' dir='ltr'>stragem</span> <span class='ocrx_word' id='word_1_193' title='bbox 1343 3727 1619 3805; x_wconf 84' lang='lat' dir='ltr'>aooersiveriut.</span> 
     </span>
     <span class='ocr_line' id='line_1_27' title="bbox 503 3850 1622 3944; baseline -0.001 -13"><span class='ocrx_word' id='word_1_194' title='bbox 503 3852 681 3944; x_wconf 83' lang='lat' dir='ltr'>Quamvis</span> <span class='ocrx_word' id='word_1_195' title='bbox 699 3858 819 3928; x_wconf 88' lang='lat' dir='ltr'>antem</span> <span class='ocrx_word' id='word_1_196' title='bbox 845 3850 1101 3926; x_wconf 81' lang='lat' dir='ltr'>cruentissima</span> <span class='ocrx_word' id='word_1_197' title='bbox 1119 3851 1274 3928; x_wconf 77' lang='lat' dir='ltr'>victoria</span> <span class='ocrx_word' id='word_1_198' title='bbox 1292 3851 1427 3928; x_wconf 88' lang='lat' dir='ltr'>Turois</span> <span class='ocrx_word' id='word_1_199' title='bbox 1454 3857 1622 3944; x_wconf 80' lang='lat' dir='ltr'>cesserit,</span> 
     </span>
     <span class='ocr_line' id='line_1_28' title="bbox 504 3975 1623 4076; baseline 0.003 -23"><span class='ocrx_word' id='word_1_200' title='bbox 504 3979 641 4074; x_wconf 81' lang='lat' dir='ltr'>fugatis</span> <span class='ocrx_word' id='word_1_201' title='bbox 661 3976 810 4068; x_wconf 87' lang='lat' dir='ltr'>uostris,</span> <span class='ocrx_word' id='word_1_202' title='bbox 830 3985 868 4052; x_wconf 88' lang='lat' dir='ltr'>et</span> <span class='ocrx_word' id='word_1_203' title='bbox 885 3975 1020 4052; x_wconf 82' lang='lat' dir='ltr'>eastris</span> <span class='ocrx_word' id='word_1_204' title='bbox 1032 3977 1199 4076; x_wconf 85' lang='lat' dir='ltr'>direptis,</span> <span class='ocrx_word' id='word_1_205' title='bbox 1219 4003 1344 4056; x_wconf 90' lang='lat' dir='ltr'>eorum</span> <span class='ocrx_word' id='word_1_206' title='bbox 1355 3989 1476 4056; x_wconf 76' lang='lat' dir='ltr'>tamen</span> <span class='ocrx_word' id='word_1_207' title='bbox 1487 3981 1623 4056; x_wconf 79' lang='lat' dir='ltr'>caedes</span> 
     </span>
     <span class='ocr_line' id='line_1_29' title="bbox 453 4101 1624 4205; baseline 0.003 -25"><span class='ocrx_word' id='word_1_208' title='bbox 453 4151 456 4157; x_wconf 83' lang='lat'>.</span> <span class='ocrx_word' id='word_1_209' title='bbox 504 4105 583 4180; x_wconf 86' lang='lat' dir='ltr'>fere</span> <span class='ocrx_word' id='word_1_210' title='bbox 601 4104 718 4178; x_wconf 89' lang='lat' dir='ltr'>maior</span> <span class='ocrx_word' id='word_1_211' title='bbox 736 4103 816 4194; x_wconf 86' lang='lat' dir='ltr'>fuit,</span> <span class='ocrx_word' id='word_1_212' title='bbox 845 4125 954 4200; x_wconf 83' lang='lat' dir='ltr'>quam</span> <span class='ocrx_word' id='word_1_213' title='bbox 974 4101 1278 4182; x_wconf 84' lang='lat' dir='ltr'>Christianorum.</span> <span class='ocrx_word' id='word_1_214' title='bbox 1317 4104 1464 4205; x_wconf 82' lang='lat' dir='ltr'>Quippe</span> <span class='ocrx_word' id='word_1_215' title='bbox 1482 4105 1624 4183; x_wconf 81' lang='lat' dir='ltr'>Tures-</span> 
     </span>
     <span class='ocr_line' id='line_1_30' title="bbox 505 4228 1624 4320; baseline 0.004 -14"><span class='ocrx_word' id='word_1_216' title='bbox 505 4255 584 4306; x_wconf 91' lang='lat' dir='ltr'>rum</span> <span class='ocrx_word' id='word_1_217' title='bbox 603 4229 788 4320; x_wconf 85' lang='lat' dir='ltr'>ndXXX,</span> <span class='ocrx_word' id='word_1_218' title='bbox 799 4228 862 4304; x_wconf 85' lang='lat' dir='ltr'>alii</span> <span class='ocrx_word' id='word_1_219' title='bbox 873 4229 1040 4306; x_wconf 77' lang='lat' dir='ltr'>scribunt</span> <span class='ocrx_word' id='word_1_220' title='bbox 1051 4231 1100 4306; x_wconf 84' lang='lat' dir='ltr'>ad</span> <span class='ocrx_word' id='word_1_221' title='bbox 1109 4231 1192 4318; x_wconf 86' lang='lat' dir='ltr'>LX,</span> <span class='ocrx_word' id='word_1_222' title='bbox 1204 4229 1497 4309; x_wconf 83' lang='lat' dir='ltr'>Christianorum</span> <span class='ocrx_word' id='word_1_223' title='bbox 1508 4233 1624 4310; x_wconf 88' lang='lat' dir='ltr'>XXV</span> 
     </span>
     <span class='ocr_line' id='line_1_31' title="bbox 506 4356 1625 4439; baseline 0.003 -6"><span class='ocrx_word' id='word_1_224' title='bbox 506 4357 652 4434; x_wconf 79' lang='lat' dir='ltr'>circiter</span> <span class='ocrx_word' id='word_1_225' title='bbox 679 4356 794 4431; x_wconf 88' lang='lat' dir='ltr'>millia</span> <span class='ocrx_word' id='word_1_226' title='bbox 821 4379 934 4432; x_wconf 89' lang='lat' dir='ltr'>oaesa</span> <span class='ocrx_word' id='word_1_227' title='bbox 966 4359 1183 4434; x_wconf 84' lang='lat' dir='ltr'>referuntur.</span> <span class='ocrx_word' id='word_1_228' title='bbox 1213 4357 1413 4436; x_wconf 80' lang='lat' dir='ltr'>Caesarem</span> <span class='ocrx_word' id='word_1_229' title='bbox 1440 4360 1492 4436; x_wconf 92' lang='lat' dir='ltr'>ibi</span> <span class='ocrx_word' id='word_1_230' title='bbox 1518 4383 1625 4439; x_wconf 86' lang='lat' dir='ltr'>ooou-</span> 
     </span>
     <span class='ocr_line' id='line_1_32' title="bbox 507 4483 1626 4587; baseline 0.003 -28"><span class='ocrx_word' id='word_1_231' title='bbox 507 4483 634 4560; x_wconf 88' lang='lat' dir='ltr'>bnisse</span> <span class='ocrx_word' id='word_1_232' title='bbox 652 4507 775 4560; x_wconf 87' lang='lat' dir='ltr'>rumor</span> <span class='ocrx_word' id='word_1_233' title='bbox 791 4483 872 4576; x_wconf 81' lang='lat' dir='ltr'>fuit,</span> <span class='ocrx_word' id='word_1_234' title='bbox 891 4485 968 4574; x_wconf 87' lang='lat' dir='ltr'>sed,</span> <span class='ocrx_word' id='word_1_235' title='bbox 997 4483 1049 4560; x_wconf 91' lang='lat' dir='ltr'>uti</span> <span class='ocrx_word' id='word_1_236' title='bbox 1067 4494 1198 4585; x_wconf 87' lang='lat' dir='ltr'>postea</span> <span class='ocrx_word' id='word_1_237' title='bbox 1225 4493 1448 4587; x_wconf 76' lang='lat' dir='ltr'>compertum</span> <span class='ocrx_word' id='word_1_238' title='bbox 1467 4495 1535 4584; x_wconf 87' lang='lat' dir='ltr'>est,</span> <span class='ocrx_word' id='word_1_239' title='bbox 1564 4509 1626 4562; x_wconf 76' lang='lat' dir='ltr'>ve·</span> 
     </span>
     <span class='ocr_line' id='line_1_33' title="bbox 508 4609 1626 4712; baseline 0.003 -25"><span class='ocrx_word' id='word_1_240' title='bbox 508 4632 588 4687; x_wconf 88' lang='lat' dir='ltr'>nus.</span> <span class='ocrx_word' id='word_1_241' title='bbox 607 4609 759 4686; x_wconf 88' lang='lat' dir='ltr'>Periere</span> <span class='ocrx_word' id='word_1_242' title='bbox 777 4619 900 4686; x_wconf 86' lang='lat' dir='ltr'>tamen</span> <span class='ocrx_word' id='word_1_243' title='bbox 920 4635 941 4686; x_wconf 92' lang='lat' dir='ltr'>e</span> <span class='ocrx_word' id='word_1_244' title='bbox 959 4613 1170 4710; x_wconf 89' lang='lat' dir='ltr'>purpuratis</span> <span class='ocrx_word' id='word_1_245' title='bbox 1188 4614 1323 4689; x_wconf 77' lang='lat' dir='ltr'>Bessis</span> <span class='ocrx_word' id='word_1_246' title='bbox 1341 4622 1379 4689; x_wconf 88' lang='lat' dir='ltr'>et</span> <span class='ocrx_word' id='word_1_247' title='bbox 1396 4615 1511 4712; x_wconf 77' lang='lat' dir='ltr'>Bagis</span> <span class='ocrx_word' id='word_1_248' title='bbox 1529 4621 1626 4690; x_wconf 87' lang='lat' dir='ltr'>oete·</span> 
     </span>
     <span class='ocr_line' id='line_1_34' title="bbox 510 4736 1625 4839; baseline 0.002 -25"><span class='ocrx_word' id='word_1_249' title='bbox 510 4736 636 4834; x_wconf 87' lang='lat' dir='ltr'>risqne</span> <span class='ocrx_word' id='word_1_250' title='bbox 654 4736 876 4836; x_wconf 87' lang='lat' dir='ltr'>primoribus</span> <span class='ocrx_word' id='word_1_251' title='bbox 895 4738 1100 4816; x_wconf 70' lang='lat' dir='ltr'>Turonorum</span> <span class='ocrx_word' id='word_1_252' title='bbox 1119 4740 1336 4839; x_wconf 87' lang='lat' dir='ltr'>oonplures.</span> <span class='ocrx_word' id='word_1_253' title='bbox 1372 4741 1404 4816; x_wconf 84' lang='lat' dir='ltr'><strong>E</strong></span> <span class='ocrx_word' id='word_1_254' title='bbox 1425 4737 1625 4818; x_wconf 83' lang='lat' dir='ltr'>Germanis</span> 
     </span>
    </p>
   </div>
   <div class='ocr_carea' id='block_1_5' title="bbox 0 0 1836 5534">
    <p class='ocr_par' dir='ltr' id='par_1_5' title="bbox 0 0 1836 5534">
     <span class='ocr_line' id='line_1_35' title="bbox 0 0 1836 5534; baseline 0 0"><span class='ocrx_word' id='word_1_255' title='bbox 0 0 1836 5534; x_wconf 95' lang='lat' dir='ltr'> </span> 
     </span>
    </p>
   </div>
  </div>
 </body>
</html>
