3625 5534
502 467 550 517 uu
570 467 649 518 sss.
669 467 754 518 vna.
776 467 859 518 uuo.
879 467 914 517 x.
936 467 970 519 u.
989 467 1067 518 vnn.
1290 443 1365 522 181

239 665 284 719 eo
303 643 450 717 fuerant
469 643 729 733 Barbarorum,
751 643 812 738 qui
825 642 992 739 quamvis
1011 641 1175 740 impares
1202 665 1366 737 numero,

237 776 359 844 tamen
370 769 563 880 pastellum
574 767 729 842 dedituri
748 791 821 843 non
840 769 997 861 fuerant,
1009 767 1081 842 nisi
1103 789 1201 843 nova
1220 777 1365 844 nostro-

236 917 316 970 rum
328 894 483 970 solertia
501 893 654 969 militum
673 894 792 969 territi
810 893 1022 970 invitissimi
1040 893 1080 969 id
1097 895 1224 969 faeere
1245 896 1365 971 ooaeti

235 1020 405 1096 tuissent.
424 1019 605 1116 Vngarioi
616 1019 711 1095 enim
720 1020 875 1118 pedites,
889 1019 1130 1096 Mosoovitioo
1141 1022 1363 1097 anteabello

236 1145 368 1240 edooti,
388 1144 539 1220 struatis
559 1146 813 1221 subterraneis
832 1145 1010 1221 eunioulis
1029 1146 1068 1221 in
1086 1146 1206 1244 ipsum
1226 1147 1361 1222 castel·

235 1275 309 1348 lum
346 1278 653 1370 penetraverant,
699 1272 913 1370 apertisque
956 1271 1088 1346 subdiu
1122 1270 1365 1346 foraminibus

233 1399 529 1497 iusuperstantes
559 1395 749 1472 Barbaros
776 1397 944 1473 adinstar
972 1396 1186 1495 antipodum
1215 1395 1361 1495 selope-

232 1524 281 1598 tis
310 1522 565 1616 fulminabant,
590 1524 682 1608 miro
702 1528 803 1598 oerte
823 1547 868 1598 ae
894 1521 1081 1622 prioribus
1110 1521 1247 1598 seoulis
1275 1545 1360 1620 pro-

231 1650 425 1748 pemodum
462 1648 625 1724 inaudito
669 1657 949 1746 stratagemate,
977 1672 1059 1724 oum
1086 1647 1234 1724 interim
1263 1649 1359 1724 Tur·

231 1799 298 1850 oae
323 1774 428 1850 nulla
454 1773 502 1849 iis
529 1775 672 1850 ratione
700 1776 851 1850 offroere
881 1781 1047 1873 possent.
1084 1772 1158 1848 His
1185 1771 1302 1869 igitur
1320 1781 1359 1849 et

229 1899 413 1975 similibus
449 1909 661 1976 nostrorum
697 1900 972 1976 inventionibus
999 1897 1135 1989 territi,
1161 1898 1357 1973 castellum

229 2024 456 2120 dediderunt,
487 2034 525 2102 et
551 2050 598 2102 ne
626 2053 649 2102 a
676 2025 806 2102 liberis
835 2025 1024 2125 peditibus
1050 2025 1290 2113 violarentur,
1318 2024 1357 2100 in

228 2152 364 2228 eastris
383 2161 592 2230 nostrorum
613 2152 762 2240 detenti,
782 2161 820 2229 et
838 2163 925 2252 post
944 2160 1091 2251 oaptum
1109 2149 1356 2228 Varsoeaium

227 2280 428 2355 incolumes
448 2303 494 2356 ex
514 2288 623 2375 paoto
644 2280 786 2354 dimissi
814 2281 930 2355 fuere.
967 2279 1170 2375 Postquam
1199 2275 1353 2352 Tbmes·

228 2427 358 2480 varum
377 2404 426 2478 ad
461 2405 621 2480 Bassam
644 2411 902 2503 pervenerunt,
930 2401 1122 2502 inorepati‚
1151 2400 1251 2499 quod
1276 2408 1354 2476 tam

228 2529 403 2605 celeriter
421 2551 463 2605 se
482 2529 722 2622 dedidissent,
738 2530 1025 2629 responderunt,
1048 2527 1142 2603 mira
1169 2549 1211 2602 se
1238 2527 1354 2602 hosti-

226 2679 287 2730 um
324 2654 488 2748 solertia,
516 2679 561 2729 ao
587 2656 850 2754 propemodum
885 2654 1111 2730 miraculosa
1137 2652 1353 2729 fortitudine

227 2781 347 2856 vietos
365 2780 404 2854 id
421 2780 574 2856 lenisse:
600 2781 698 2857 Esse
727 2781 908 2880 siquidem
934 2781 1032 2856 inter
1059 2802 1136 2872 eos,
1166 2802 1247 2854 eum
1276 2779 1352 2855 alia

226 2905 351 2982 omnia
369 2904 548 2981 artificum
566 2929 716 3002 genera,
735 2914 811 2981 tum
829 2905 1012 3004 lapicidas
1040 2906 1258 3003 eomplures,
1288 2902 1352 3001 qui

226 3033 480 3108 subterraneis
498 3033 611 3108 laetis
629 3033 808 3108 eunieulis
827 3034 866 3108 in
893 3033 1051 3108 medium
1075 3031 1221 3106 eastelli
1249 3030 1350 3104 nullo

224 3157 375 3254 negotio
393 3166 662 3256 penetrassent,
683 3167 720 3233 et
738 3158 857 3234 instar
876 3155 1140 3232 Antiobtonum
1159 3179 1206 3231 ex
1227 3153 1346 3231 visee-

223 3283 329 3359 ribus
347 3289 470 3358 terrae
507 3284 802 3383 insuperstantes
829 3283 1047 3360 bombardis
1074 3282 1344 3358 fulminassent.

224 3408 453 3504 Interrogati
499 3409 545 3485 de
598 3411 788 3507 praelecto
844 3410 1023 3502 hostium,
1078 3408 1348 3509 responderunt

224 3558 305 3612 eum
324 3557 395 3610 neo
413 3557 582 3610 manuum
600 3558 668 3610 neo
686 3536 821 3634 pedum
841 3545 1048 3638 oompotem
1068 3557 1171 3611 esse:
1201 3533 1347 3609 interim

222 3667 346 3734 tamen
364 3658 559 3758 prudentia
577 3669 614 3735 et
635 3659 777 3736 ferocia
813 3659 1020 3759 praeditum
1048 3658 1194 3735 fortiter
1224 3658 1347 3733 omnia

220 3782 431 3858 voeationis
450 3806 542 3858 suae
560 3783 684 3860 munia
702 3785 845 3882 exequi.
882 3785 994 3884 Ipsos
1012 3808 1101 3862 vero
1126 3782 1262 3858 milites
1289 3789 1343 3855 to·

221 3919 291 4004 tos,
312 3907 441 4006 quanti
452 3909 579 4007 quanti
589 3916 727 4004 essent,
747 3906 1345 4010 oataphraotosessesignifioave·

221 4043 317 4110 runt.
336 4034 410 4110 His
429 4043 629 4112 commotus
646 4037 769 4112 Bassa
788 4058 1007 4112 suooeusere
1024 4033 1084 4129 iis,
1103 4034 1202 4133 quod
1222 4055 1344 4108 saeer-

221 4159 290 4236 dos
337 4181 405 4235 seu
443 4182 634 4235 sacrorum
662 4161 875 4259 praelectus
903 4160 1080 4251 (Hooiam
1116 4157 1191 4256 ipsi
1218 4157 1346 4256 appel·

220 4286 333 4380 lant),
354 4294 536 4384 usurpata
554 4309 622 4386 pro
634 4286 827 4385 dignatate
842 4286 1036 4382 religionis
1045 4283 1219 4383 loquendi
1233 4282 1344 4358 liber·

219 4416 307 4504 tate,
335 4412 527 4511 respondit
553 4413 716 4489 Bassae:
736 4419 906 4510 paratum
926 4433 969 4487 so
986 4411 1078 4503 fore,
1096 4417 1137 4486 ut
1154 4409 1262 4483 vivus
1281 4430 1344 4482 ex-

220 4536 391 4630 oorietur,
428 4538 462 4612 si
498 4539 623 4636 lugam
657 4537 714 4612 illi
761 4536 946 4634 arrepturi
982 4537 1114 4612 forent.
1151 4535 1214 4609 Ita
1249 4555 1345 4608 oom-

220 4661 400 4761 prehendi
437 4686 519 4739 eum
538 4665 671 4756 Bassa,
692 4671 730 4739 et
748 4663 917 4756 vinetum,
946 4661 1068 4760 quoad
1105 4662 1233 4736 salvus
1255 4657 1342 4736 inde
