3625 5534
456 541 504 591 nn
523 541 603 592 nus.
623 540 707 593 vno.
726 539 809 591 nnc.
821 541 855 591 x.
876 540 910 590 n.
933 541 983 593 rx.
1225 519 1301 594 227

171 714 268 789 citer
287 739 355 790 arx
383 722 527 791 tentata
554 693 685 806 fuerat,
716 723 906 812 assumpto
927 715 1040 790 Petro
1060 717 1303 805 Barrabtsio,

173 849 216 913 et
243 862 316 916 non
345 841 480 936 exigua
508 840 668 936 equitum
697 839 908 936 peditumve
938 863 1058 931 manu,
1085 863 1224 915 summo
1255 840 1307 914 di-

174 957 304 1042 luculo
332 966 406 1041 iter
435 991 479 1041 eo
508 966 676 1040 intendit.
707 966 867 1060 Egressi
897 968 1045 1042 fuerant
1071 967 1169 1041 forte
1206 965 1308 1041 Tho·

176 1092 454 1167 mdsvarienses
485 1093 633 1166 ancae
662 1092 888 1189 populatum,
919 1093 1052 1189 quibus
1081 1095 1156 1168 late
1186 1093 1308 1167 omnia

176 1217 281 1290 ferro
308 1215 529 1314 flammaque
558 1217 845 1313 complentibus,
877 1219 1093 1316 supervenit
1120 1215 1310 1313 Georgius

179 1365 264 1415 cum
293 1344 371 1417 suis
401 1341 713 1418 ‘vexillationibus
743 1340 819 1417 Sed
847 1366 928 1418 cum
957 1346 1127 1441 utrinque
1155 1324 1313 1418 insidiae

182 1476 446 1560 metuerentur,
465 1493 534 1542 nee
554 1476 712 1564 quantus
733 1469 1200 1563 essethostiumnumerns,
1221 1490 1314 1565 prae

183 1595 304 1670 densa
332 1596 548 1671 nebularum
577 1594 735 1690 caligine
772 1594 967 1669 observari
994 1604 1132 1692 posset,
1179 1593 1315 1669 Turcis

186 1751 270 1803 cum
290 1724 448 1798 collecta
465 1723 606 1821 praeda
634 1723 681 1795 ad
711 1745 799 1797 snos
820 1721 1012 1817 digressis,
1033 1722 1151 1798 nostri
1170 1742 1315 1818 qnoque

189 1851 290 1930 salui
308 1851 346 1924 in
365 1849 582 1926 Jeneiensia
601 1856 726 1923 castra
740 1872 955 1946 pervenere.
979 1847 1182 1946 Georgius,
1203 1846 1317 1942 signi·

188 1979 299 2054 ficato
321 2000 388 2052 sno
409 1974 580 2066 adventu,
606 1975 709 2049 iubet
728 1975 890 2071 aliquam
911 1976 1155 2050 castrensium
1173 1979 1319 2071 partem

191 2107 265 2182 sibi
277 2105 485 2195 decurrere,
506 2103 632 2198 sicque
650 2101 799 2176 incusso
811 2102 992 2177 Barbarie
1005 2125 1181 2177 novarum
1194 2107 1317 2198 copia-

190 2256 269 2308 rum
280 2239 390 2322 metu,
409 2228 543 2305 ceteris
560 2250 707 2302 snorum
718 2251 758 2302 se
775 2228 970 2302 coniunxit.
992 2230 1090 2320 Mox,
1102 2231 1319 2327 nespetium

192 2358 361 2436 obsessis
381 2356 497 2440 daret,
517 2355 619 2428 iubet
638 2355 827 2450 ingentem
848 2377 892 2428 ex
913 2355 1091 2452 proximis
1113 2353 1233 2451 sylvis
1246 2380 1318 2432 me-

193 2484 325 2560 teriam
345 2481 578 2578 comportari,
598 2501 715 2575 eaque
736 2479 956 2553 munitiones
983 2481 1080 2554 arcis
1101 2480 1317 2577 adaequari.

195 2609 237 2682 ld
255 2607 320 2682 nbi
331 2605 492 2680 Barbari
512 2611 794 2700 conspexerunt,
814 2605 974 2679 recentis
994 2606 1123 2681 anxilii
1142 2614 1241 2681 metu
1250 2614 1318 2681 ter.

196 2733 266 2822 riti,
296 2730 535 2807 reformidato
564 2729 742 2820 incendio,
776 2730 921 2824 signum
941 2731 1040 2823 dant,
1069 2755 1122 2823 se,
1150 2733 1183 2805 si
1212 2735 1318 2830 copia

198 2855 430 2954 colloquendi
448 2856 562 2945 detur,
592 2855 637 2928 de
666 2854 852 2930 deditione
871 2857 969 2930 areis
989 2856 1159 2932 facienda
1178 2860 1320 2933 eonsul-

198 2991 353 3059 tetnros.
393 2981 538 3058 Annuit.
557 2980 756 3077 postulatis
784 2982 1035 3057 Barbarornm
1056 2982 1255 3080 Georgius,
1284 2995 1322 3058 et

198 3132 406 3208 quanquam
433 3108 542 3181 liberi
570 3106 716 3204 pedites
747 3108 981 3183 vehementer
1010 3110 1187 3207 impedire
1216 3132 1323 3186 cona-

198 3243 333 3326 rentur,
353 3257 400 3308 ne
420 3232 604 3309 deditione
623 3257 692 3307 arx
712 3242 925 3330 caperetur:
945 3242 1070 3309 tamen
1089 3235 1146 3308 vir
1157 3235 1320 3333 prudens

200 3371 300 3437 ratus
330 3360 556 3434 incruentam
585 3359 715 3454 magis,
746 3382 853 3455 qnam
883 3361 1095 3457 opulentam
1131 3362 1324 3437 victoriam

202 3487 420 3584 eligendam,
440 3485 919 3582 vitaequepotiusmilitum,
940 3511 1049 3584 quam
1067 3489 1229 3586 praedae
1248 3489 1325 3562 lue-

200 3637 312 3712 roqne
348 3633 546 3710 pancorum
583 3612 855 3686 inserviendum
893 3635 989 3703 esse,
1027 3617 1076 3688 ad
1103 3613 1325 3710 colloquium

204 3739 347 3816 Turcas
367 3737 524 3812 admisit.
554 3737 616 3810 llli
643 3746 795 3835 accepto
826 3761 893 3835 pro
922 3740 1053 3814 obside
1073 3739 1239 3835 Georgio
1261 3739 1328 3810 Er-

205 3866 309 3958 delio,
339 3865 418 3938 viro
439 3864 531 3938 clari
555 3864 715 3958 generis,
744 3863 902 3960 datoque
921 3888 1049 3941 rursus
1069 3865 1124 3938 illi
1144 3862 1329 3962 Subprae-

204 3995 295 4068 lecto
325 3985 447 4088 (quem
474 3989 547 4085 ipsi
568 3986 787 4083 Olaibegnm
817 3985 1033 4087 appellant),
1062 4012 1107 4064 ao
1135 3989 1260 4064 missis
1291 3989 1329 4061 iu

207 4141 326 4193 arcem
348 4115 431 4189 aliis
452 4139 565 4213 snper
584 4116 678 4190 alios
697 4115 1018 4207 intercessoribus,
1037 4116 1110 4190 bac
1120 4116 1330 4192 conditione

209 4244 424 4318 deditionem
461 4241 700 4337 pollicentur,
739 4243 772 4315 si
801 4243 917 4316 saluis
947 4243 1116 4317 omnibus
1145 4245 1257 4318 rebus
1286 4265 1331 4317 ac

210 4368 422 4466 corporibus
443 4366 546 4440 abire
565 4368 833 4464 permittantur.
855 4368 963 4441 Eare
983 4369 1115 4442 offensi
1134 4369 1245 4443 liberi
1266 4393 1326 4466 pe·

210 4494 312 4584 dites,
332 4515 412 4566 cum
432 4499 570 4566 tantam
590 4491 663 4565 sibi
681 4492 858 4589 praedam
878 4493 972 4589 eripi
1003 4494 1157 4567 moleste
1176 4493 1333 4583 ferrent,

210 4621 329 4717 palam
350 4619 575 4716 profitentur,
595 4641 637 4691 se
657 4619 705 4692 ab
726 4617 955 4711 obligatione
981 4609 1176 4692 iuramenti
1206 4619 1332 4693 immu-

214 4747 385 4836 nestore,
405 4767 472 4817 neo
492 4743 567 4818 ullo
587 4753 697 4841 pacto
717 4768 908 4842 passuros,
940 4752 979 4818 nt
999 4769 1078 4819 erim
1098 4753 1153 4819 tot
1171 4746 1242 4819 viri
1261 4744 1335 4819 lor·

1113 4885 1173 4950 lb*
