3625 5534
478 537 526 586 nn
545 537 626 590 aas.
645 537 730 590 vno.
750 537 834 589 nno.
862 537 898 589 x.
918 539 951 590 n.
972 538 1052 589 vm.
1276 518 1350 597 179

222 710 476 786 Barbarorum
506 710 736 788 incursiones
773 712 1000 806 tutabantur,
1020 713 1190 789 fortunae
1210 717 1352 813 pericu·

221 835 299 909 lum
317 815 462 928 fac‘turi,
474 836 685 912 Danubium
703 836 1002 929 transmiserant,
1021 844 1060 912 et
1073 840 1230 914 vastatis
1239 839 1352 938 longe

219 958 373 1056 lateque
393 961 736 1038 circumiacentibus
755 963 858 1054 locis,
870 985 994 1038 arcem
1013 964 1144 1040 Bodva
1161 988 1352 1064 expugna·

219 1109 262 1160 re
283 1091 501 1162 statuerant.
519 1086 759 1163 Inaudierant
776 1086 815 1160 id
834 1085 992 1180 Turcae,
1014 1098 1052 1165 et
1069 1090 1243 1168 mandato
1257 1089 1351 1168 Gae-

220 1211 323 1287 saris
342 1235 499 1308 magnas
519 1212 649 1311 copias
678 1212 770 1289 duce
794 1211 959 1292 Ferhato
987 1215 1111 1290 Bassa
1139 1224 1352 1314 coegerant,

221 1338 370 1436 quibus,
390 1337 602 1414 dumiustns
619 1340 803 1415 exercitus
816 1338 1138 1440 Constantinopoli
1156 1347 1353 1445 appropin-

225 1472 374 1563 quaret,
419 1463 577 1562 impetus
605 1465 983 1565 depopulationesque
1020 1465 1279 1547 Moldavorum
1315 1481 1353 1549 et

221 1591 573 1688 Transylvanorum
593 1599 816 1668 coercerent.
836 1589 913 1667 Sed
930 1616 999 1667 nec
1026 1592 1204 1690 Vngaros
1231 1596 1271 1670 id
1298 1598 1351 1673 la·

219 1715 304 1808 tuit,
336 1714 483 1810 quando
512 1717 770 1814 exploratores
797 1716 904 1792 missi
939 1717 1126 1813 ingentem
1145 1719 1351 1798 Turcarum

220 1838 491 1914 multitudinem
519 1847 686 1915 coactam
713 1839 978 1936 significarent,
1003 1850 1041 1918 et
1066 1841 1106 1916 ni
1133 1843 1206 1918 sibi
1234 1853 1349 1922 matu·

220 1986 266 2039 re
303 1983 474 2038 remenso
512 1963 685 2040 Danubio
722 1965 969 2058 consulerent,
1007 1965 1155 2042 iamiam
1201 1992 1267 2044 eos
1297 1972 1351 2045 af·

221 2089 318 2182 lore,
347 2097 385 2165 et
411 2097 612 2166 extremam
641 2090 687 2164 iis
716 2089 1003 2167 internecionem
1032 2091 1214 2168 allaturos
1243 2118 1351 2191 prae-

222 2214 504 2290 nunciaverant.
550 2215 879 2292 Verumenimvero
911 2217 1123 2315 promiscua
1168 2218 1352 2296 bominum

221 2340 416 2433 colluvies,
456 2341 570 2416 armis
601 2341 748 2440 quidem
776 2342 981 2418 tractandis
1009 2350 1070 2419 sat
1095 2343 1242 2441 idonea,
1280 2346 1348 2421 sed

222 2465 476 2564 compluribus
496 2465 699 2565 superioris
718 2467 871 2543 brumae
891 2467 1127 2544 successibus
1143 2468 1242 2545 iusto
1267 2471 1351 2568 plus

222 2590 339 2683 elata,
359 2613 427 2665 nec
455 2591 504 2665 ab
532 2590 830 2688 exploratoribus
859 2592 1090 2690 persuaderi,
1118 2617 1188 2670 nec
1216 2619 1241 2668 a
1267 2618 1352 2693 pru·

223 2714 458 2790 dentioribus
496 2714 650 2791 ducibus
682 2715 855 2812 compelli
882 2717 1020 2813 potuit,
1049 2718 1242 2814 quominus
1271 2742 1351 2794 com

222 2975 310 3042 tura
330 2964 560 3062 confligeret.
580 2968 639 3042 Ita
658 2989 740 3041 cum
759 2966 907 3041 obviam
927 2967 1062 3041 Tureis
1092 2969 1352 3060 occurrissent,

223 3101 262 3168 et
281 3089 408 3166 multis
426 3089 529 3166 horis
549 3114 712 3190 eousque
738 3091 922 3189 praelium
939 3093 1050 3190 pauci
1069 3101 1198 3168 contra
1217 3094 1352 3170 multos

223 3217 487 3310 sustinussent,
507 3217 630 3314 quoad
648 3217 789 3293 viribus
809 3225 847 3292 et
864 3217 1018 3314 pulvere
1038 3219 1275 3294 tormentatio
1292 3219 1352 3295 de-

222 3343 399 3420 ficerent:
432 3341 580 3418 andem
618 3341 901 3438 superveniente
948 3362 1046 3416 nova
1092 3349 1350 3420 veteranorum

222 3467 479 3546 Barbarorum
490 3491 610 3559 manu,
620 3468 746 3563 fugam
756 3467 924 3565 arripere
935 3475 1126 3563 coguntur.
1137 3470 1287 3545 Instant
1297 3471 1350 3543 fu-

222 3595 416 3693 gientibus
434 3594 572 3671 nostris
593 3594 761 3688 Barbari,
781 3616 935 3690 cumque
963 3595 1195 3691 superiorum
1223 3619 1354 3672 memo·

221 3718 453 3796 riaoladium
472 3719 592 3816 magis
612 3728 724 3816 atque
742 3718 862 3816 magis
876 3719 1201 3812 inflammarentur,
1212 3720 1353 3816 ingenti

221 3867 495 3945 usquequaque
511 3844 550 3920 in
576 3867 641 3920 eos
661 3844 775 3921 caede
795 3844 1025 3921 desaeviunt.
1063 3845 1194 3920 Nostri
1213 3867 1294 3920 cum
1330 3869 1354 3919 a

223 3975 353 4050 fronte
372 3971 595 4064 Danubium,
625 3995 648 4046 a
666 3977 774 4068 tergo
793 3972 985 4047 Barbaros
1013 3970 1205 4064 haberent,
1232 3971 1354 4065 ignari

224 4117 301 4196 quo
332 4118 376 4171 sc
403 4095 622 4192 reciperent,
652 4119 733 4171 cum
763 4119 905 4172 omnem
924 4096 1058 4171 salutis
1089 4118 1194 4193 spem
1211 4095 1355 4172 intorti

222 4243 355 4321 pugna
373 4218 533 4319 positum
552 4221 731 4312 viderent,
761 4220 1058 4298 cruentissimam
1084 4220 1254 4296 hostibus
1283 4222 1357 4296 vie-

222 4347 360 4424 toriam
378 4343 588 4441 relinquere
607 4353 823 4423 statuerunt.
843 4347 904 4421 Ita
921 4346 1122 4423 fortissima
1141 4347 1355 4444 pugnando,

224 4479 264 4548 et
282 4469 473 4560 maiorem,
502 4492 612 4566 quam
630 4493 698 4569 pro
726 4491 889 4564 numero,
909 4469 1161 4546 Barbarorum
1189 4478 1356 4567 stragem

223 4595 382 4689 edendo,
402 4592 645 4671 miserrimam
664 4602 817 4671 mortem
845 4597 1090 4695 oppetierunt,
1119 4603 1158 4670 et
1185 4595 1281 4688 aliis,
1311 4621 1356 4672 ne

222 4721 340 4800 nimia
357 4719 565 4796 temeritate
585 4743 626 4796 sc
645 4721 887 4818 pessumdare
906 4729 1133 4817 satagerent,
1160 4743 1254 4795 neve
1272 4721 1357 4796 bos-

1137 4859 1196 4922 12*
