3625 5534
558 485 607 534 ou
626 485 708 536 nun.
729 485 814 536 vus.
835 487 918 537 nnc.
940 488 975 537 x.
996 489 1030 537 n.
1049 489 1099 537 rx.
1325 468 1403 542 213

272 660 412 734 bellum
425 660 606 738 Vandalis
625 683 698 736 non
717 659 925 757 illaturum3
946 659 1176 738 Genserious
1196 664 1291 738 enim
1303 665 1403 740 Van-

273 783 442 863 dalornm
478 811 545 863 rex
583 790 835 886 contemplans
865 788 1045 884 captivos,
1085 788 1231 864 viderat
1258 790 1292 864 ei
1321 789 1403 866 dor·

271 910 400 987 mienti
427 912 465 986 iu
494 938 624 1013 campo
653 921 691 990 et
718 922 824 988 aestu
853 913 1014 1011 aquilam
1041 921 1171 1011 tegere
1203 922 1326 1013 caput,
1354 941 1401 991 ne

273 1037 392 1113 radiis
412 1040 597 1117 solaribus
616 1041 847 1134 laederetur3
871 1041 943 1114 boc
960 1042 1174 1138 spectaculo
1196 1041 1402 1117 delectatus

272 1161 413 1238 dimisit
443 1189 535 1258 eum,
561 1165 808 1265 praesagiens
833 1167 1100 1264 Imperatorem
1128 1165 1221 1241 fore.
1261 1165 1402 1242 Foetus

271 1288 479 1385 aquilarum
499 1291 681 1390 inplumes
709 1316 733 1366 a
752 1289 962 1366 vulturibus
981 1313 1062 1365 cum
1089 1290 1183 1388 ipsis
1201 1289 1299 1365 nidis
1318 1313 1402 1366 oon-

271 1415 401 1513 oerpti,
442 1416 650 1515 Tarquinio
676 1413 843 1514 Superbo
873 1415 1109 1492 amissionem
1129 1418 1236 1514 regni
1255 1425 1402 1516 porten-

272 1538 414 1616 derant.
466 1544 631 1619 Iaoulum
670 1543 715 1617 de
753 1543 953 1618 satellitum
999 1542 1168 1619 manibus
1215 1551 1401 1620 extortum

276 1673 315 1740 et
351 1666 389 1743 in
418 1668 637 1768 profundum
666 1670 714 1744 ab
742 1669 867 1767 aquila
887 1669 1068 1745 deiectum
1085 1669 1270 1770 Dionysio
1290 1668 1398 1769 Syra·

277 1813 414 1871 cusano
433 1795 604 1892 Regnum
622 1795 831 1892 abrogavit,
860 1803 898 1870 et
917 1795 1019 1870 diras
1037 1796 1194 1874 incussit
1209 1797 1400 1879 calamita·

275 1933 342 2002 tes.
362 1921 454 1997 Cum
473 1929 596 1997 nutem
615 1929 747 2019 sponte
759 1922 807 1996 ad
815 1921 1043 2019 praetorium
1052 1922 1236 2022 Principis
1255 1948 1298 2002 se
1317 1929 1401 2003 sub

276 2051 427 2144 miserit,
464 2049 526 2124 vel
552 2049 675 2148 potius
708 2047 972 2124 venerabunda
998 2048 1096 2124 humi
1135 2047 1303 2151 collapsa
1331 2053 1399 2128 sit:

276 2179 360 2254 inde
378 2177 577 2253 iudicatum
597 2182 664 2267 est,
684 2177 745 2250 vel
764 2174 1023 2274 superbissimi
1050 2173 1180 2252 Sinaui
1197 2200 1324 2253 casum
1343 2203 1399 2272 eo,

277 2306 337 2380 vel
372 2311 474 2379 certe
501 2301 780 2378 celeberrimam
807 2301 1000 2376 victoriam
1029 2301 1074 2376 de
1102 2301 1249 2396 Tuscis,
1287 2303 1400 2379 maxi-

277 2452 444 2526 mamque
474 2427 666 2525 dignitatis
700 2426 953 2502 accessionem
983 2427 1147 2527 Principi
1184 2427 1399 2506 denunciari

276 2554 331 2628 Eo
350 2555 471 2631 laetus
490 2553 609 2628 omine
627 2548 805 2651 Princeps
826 2552 1040 2650 aliquandiu
1067 2554 1231 2650 aquilam
1258 2555 1297 2630 in
1316 2562 1398 2631 ten-

275 2680 368 2757 torio
387 2679 578 2756 asservari
599 2702 666 2754 suo
687 2677 811 2776 alique
828 2679 1026 2773 mandavit,
1045 2702 1131 2754 mox
1150 2703 1197 2755 ne
1220 2681 1397 2776 interiret,

275 2806 424 2898 veritus,
443 2805 600 2880 liberam
619 2804 767 2881 dimisit.
807 2805 887 2880 Nec
905 2805 1040 2881 fefellit
1060 2804 1238 2900 homines,
1258 2809 1341 2884 Deo
1359 2810 1398 2883 in

274 2933 462 3008 iustiorem
481 2927 776 3006 Christianorum
795 2955 946 3035 oausam
964 2933 1175 3026 inclinante,
1194 2934 1265 3011 boc
1282 2959 1396 3032 augu-

273 3058 374 3134 rium.
397 3057 573 3133 Eiusdem
594 3058 744 3158 generis
763 3059 833 3132 fuit
852 3066 889 3133 et
907 3059 1083 3156 paredus,
1103 3082 1170 3134 seu
1188 3060 1397 3157 geminatus

277 3185 353 3280 sol,
390 3207 414 3258 a
448 3181 652 3258 Francisco
690 3181 917 3283 Hunyadino
953 3183 1096 3259 medico
1132 3181 1319 3283 Principis
1356 3209 1402 3260 ao

270 3316 381 3408 poeta
400 3307 681 3406 elegantissimo
701 3308 936 3384 observatus.

748 3499 927 3509 ——--

585 3645 787 3760 'onrvr
815 3681 1074 3763 nucinum,

273 3865 328 3940 De
356 3869 435 3939 cois
459 3862 749 3940 Christianorum
777 3877 904 3938 contro
937 3863 1076 3938 Tuscus
1105 3863 1289 3956 ordinato,
1320 3889 1393 3939 mo·

699 3993 813 4086 iisque
832 3992 975 4064 castris.

379 4167 578 4245 Traduotis
598 4168 646 4245 ad
665 4169 842 4245 Rukkam
862 4176 945 4244 octo
966 4167 1106 4261 diebus,
1134 4176 1172 4244 et
1194 4168 1398 4246 coniunctis
1455 4259 1463 4281 Ι

250 4313 351 4380 ⁴cum
379 4296 543 4371 exercitu
562 4293 757 4370 Michaelis
777 4293 972 4391 Vajvodae
998 4291 1242 4392 Transalpini
1269 4294 1399 4396 copiis,

274 4425 398 4522 quinto
426 4421 486 4497 die
515 4421 677 4497 octobris
705 4421 743 4495 iu
771 4420 868 4495 hunc
896 4417 1041 4496 modum
1067 4419 1248 4518 Princeps
1280 4419 1398 4497 aciem

276 4558 404 4626 contra
413 4549 605 4624 Barbaros
623 4547 806 4622 instruxit.
828 4545 989 4620 Primum
1005 4552 1281 4622 antecursorum
1290 4569 1400 4623 cune-

276 4699 335 4750 um
364 4697 410 4748 ex
428 4673 640 4749 fortissimis
660 4673 879 4770 quibusdam
907 4669 1101 4747 conflatum
1125 4672 1162 4746 in
1180 4672 1301 4771 prima
1318 4672 1399 4746 acie
