3625 5534
512 517 559 568 nn
578 517 658 568 uus.
677 516 760 568 vua.
779 516 906 569 nucu.
927 518 961 568 n.
982 518 1031 569 vr.
1273 493 1348 571 127

541 799 716 878 CAPV'P
754 799 1035 877 SEPTIMVM.

284 1002 341 1076 Dc
359 997 543 1097 Principis
563 1000 613 1074 od
633 995 790 1075 Ordines
809 999 1051 1100 Repailiteris
1069 999 1296 1098 mercedemque

446 1125 713 1224 Claudiopolim
739 1130 779 1201 iu
804 1128 950 1200 consitio
968 1127 1133 1201 adumar.

334 1324 514 1422 Princeps
542 1346 621 1399 cnm
639 1323 767 1422 paucis
795 1322 1059 1399 Familiaribns
1078 1324 1149 1399 iter
1185 1325 1346 1401 Kdvari·

232 1474 313 1527 num
333 1474 465 1526 versus
484 1450 686 1547 ingressae,
707 1449 845 1546 nequid
862 1455 1011 1547 practer
1035 1449 1207 1526 decorum
1234 1451 1349 1547 digni-

230 1577 319 1653 tatis
338 1600 428 1652 suae
446 1575 631 1650 uideretur
649 1575 785 1667 iacere,
806 1574 997 1672 Kapliano
1026 1575 1192 1672 patentia
1210 1579 1258 1651 ad
1277 1599 1349 1652 cm·

228 1725 295 1777 nes
313 1701 437 1799 Regni
456 1700 616 1776 Ordines
650 1700 850 1799 diplomata
869 1701 1130 1798 promulgavit,
1158 1701 1197 1776 in
1217 1703 1349 1800 quibus

229 1826 1150 1924 nullamaliamessecausamdemonstrat,obquam
1160 1826 1349 1904 Thordam
1402 1883 1407 1892 ι

226 1955 263 2029 in
282 1954 493 2052 generalem
503 1961 728 2046 conventum,
747 1953 800 2030 nti
810 1976 856 2029 ex
866 1963 1018 2030 senatus
1038 1957 1205 2063 consulto
1224 1964 1340 2033 statu·

227 2087 405 2166 tumeret,
413 2103 485 2156 non
494 2080 647 2178 venerit,
660 2082 1210 2180 quamquodcertocognoverit,
1222 2082 1347 2181 priora

228 2207 273 2281 de
291 2206 491 2283 reiiciendo
509 2207 659 2283 foedere
680 2201 849 2301 Turcico',
873 2232 1044 2305 novoque
1068 2231 1147 2284 cum
1168 2205 1345 2284 Christia-

229 2334 288 2408 nis
307 2332 507 2409 sanciendo
534 2341 673 2410 statuta
702 2335 983 2432 deliberataque
1010 2335 1130 2410 abiis
1157 2335 1346 2411 immutata

226 2482 354 2536 rursus
374 2482 468 2534 esse.
489 2458 649 2535 Proinde
668 2461 835 2535 viderent
854 2462 965 2536 etiam
985 2467 1097 2557 atque
1117 2461 1237 2554 etiam,
1258 2462 1344 2559 qnid
1393 2447 1396 2452 ⁸

228 2593 394 2682 agerent,
413 2593 450 2660 et
469 2608 531 2661 cur
552 2610 574 2660 a
593 2584 779 2684 prioribus
799 2586 966 2662 consiliis
978 2587 1238 2680 desciscerent,
1248 2589 1343 2666 bene

226 2711 507 2810 perpenderent.
548 2710 691 2802 Quodsi
711 2713 807 2787 enim
826 2713 1005 2788 Barbarie
1029 2735 1169 2802 rursus,
1190 2712 1344 2790 Christi-

226 2837 362 2934 aniqnc
379 2836 534 2924 nominis
554 2838 722 2914 hostibus
734 2838 1053 2930 adhaerescerent,
1073 2847 1110 2913 et
1125 2862 1218 2936 quae
1229 2840 1343 2915 semel

227 2963 410 3039 communi
437 2964 590 3067 consilio
618 2965 844 3055 statuissent,
876 2988 1004 3041 rursus
1030 2989 1075 3041 ea
1100 2965 1344 3040 rescindenda

169 3173 170 3178 Ν
223 3089 438 3181 iudicarent,
459 3091 537 3166 eins
557 3113 598 3166 se
615 3091 671 3166 rei
690 3099 874 3166 auctorem
883 3114 1054 3188 unquam,
1074 3115 1142 3166 nee
1160 3093 1342 3167 fautorem

224 3217 397 3307 futurum,
415 3238 535 3314 neque
555 3217 664 3292 etiam
682 3218 721 3292 in
740 3217 885 3292 comitia
911 3241 1034 3292 eornm
1060 3224 1250 3294 venturum
1268 3240 1342 3292 om-

225 3344 311 3418 nino
332 3365 429 3418 esse.
448 3343 519 3418 His
538 3342 656 3418 literis
674 3344 712 3418 in
731 3353 912 3420 conventu
926 3345 1043 3437 lectis,
1062 3345 1155 3420 mira
1174 3345 1340 3444 protinus

224 3469 427 3545 animorum
447 3470 599 3546 lnutatio
618 3478 746 3546 secuta
764 3478 832 3562 est,
860 3478 898 3546 et
926 3472 1118 3547 multorum
1137 3468 1341 3547 sententiae

224 3594 262 3670 in
292 3595 443 3671 diversa
471 3596 609 3670 abiere.
639 3597 816 3672 Nonnulli
844 3597 940 3671 enim
967 3599 1182 3695 praesertim
1201 3595 1337 3696 praeci·

226 3741 393 3818 pnorum,
422 3719 460 3794 id
478 3717 681 3796 Ordinibus
708 3721 831 3817 Regni
859 3722 1075 3815 suadebant,
1103 3730 1143 3796 nt
1170 3722 1340 3818 quoniam

224 3843 406 3944 Princeps
424 3846 630 3922 inconsulto
660 3847 843 3942 discessit,
871 3849 952 3940 iret,
981 3869 1052 3944 quo
1080 3847 1204 3938 vellet,
1233 3846 1339 3944 eique

223 3971 320 4046 alins
340 3972 635 4048 substitueretur.
657 3971 749 4047 Cum
767 3973 870 4066 bace,
891 3978 928 4046 ct
946 3974 1060 4046 multa
1087 3972 1161 4046 alia
1189 3969 1248 4045 his
1266 3995 1338 4048 non

221 4096 420 4190 absimilia,
450 4119 545 4193 quae
574 4121 647 4173 non
674 4121 827 4174 necesse
857 4098 1025 4173 dommus
1044 4096 1165 4172 omnia
1184 4119 1337 4172 comme-

222 4245 379 4316 morare,
399 4248 422 4302 a
440 4224 718 4322 praecipuorum
746 4225 931 4300 nonnullis
958 4225 1083 4322 palam
1111 4222 1337 4298 dicerentur:

220 4357 300 4426 tota
318 4351 399 4425 iere
417 4349 606 4448 nobilitas,
625 4376 705 4428 eum
725 4349 873 4441 Siculis,
894 4375 939 4427 ao
959 4350 1167 4427 Senonibus
1186 4372 1256 4425 uno
1272 4374 1337 4426 cre

225 4475 451 4551 conclamat:
471 4474 680 4575 Principem
700 4478 895 4552 confestim
914 4499 998 4552 esse
1017 4475 1273 4569 revocandum,
1292 4498 1337 4551 eo

222 4599 381 4675 comitiis
401 4600 647 4698 praesidente,
668 4604 713 4678 de
733 4605 844 4678 rebus
873 4603 1042 4678 omnibus
1061 4602 1335 4678 deliberandum

220 4725 379 4818 andem,
406 4728 712 4827 statuendamque
739 4751 834 4804 esse.
881 4729 966 4802 Non
993 4729 1089 4804 enim
1112 4750 1197 4804 sese
1224 4727 1335 4804 alium
