3625 5534
481 495 530 546 un
548 495 629 546 ens.
648 496 732 548 vac.
751 495 833 547 nnc.
852 497 902 548 xl.
923 498 956 549 n.
977 499 1016 552 n.
1231 474 1309 552 315

199 692 265 744 eos
285 670 364 745 dies
374 693 440 768 pro
450 671 558 745 festis
568 667 782 764 habuerant,
794 672 961 769 omnique
972 675 1310 750 commessationum

198 804 237 870 et
263 797 505 896 tripudiorum
532 797 769 897 laetitiaeque
798 821 935 894 genere
953 806 1221 896 transegerunt.
1254 803 1311 876 Eo

195 922 334 997 factum
353 929 421 1016 est,
439 922 738 998 utBarbarorum
755 924 922 1022 plerique
941 947 1068 1002 somno
1080 926 1236 1024 vinoque
1255 951 1311 1001 se-

198 1047 302 1146 pulti,
322 1049 385 1123 nix
403 1049 589 1147 crapulam
608 1057 780 1126 excutere
790 1049 988 1148 potuerint.
1009 1047 1314 1128 Ooieranttamen

199 1175 414 1270 agminatim
440 1199 513 1251 nou
539 1175 667 1273 pauci,
697 1199 742 1251 ac
770 1175 911 1271 ingenti
939 1199 1023 1251 cum
1051 1177 1185 1254 eiulatu
1203 1184 1314 1276 atque

199 1301 362 1376 clamore
379 1301 497 1376 instar
515 1299 735 1400 Polyphemi
762 1308 906 1378 ceteros
926 1299 1114 1402 Cyclopes
1147 1303 1194 1378 ad
1212 1329 1315 1380 arma

200 1426 420 1502 horrendum
439 1429 477 1503 in
495 1428 639 1504 modum
659 1428 857 1504 inclamare
875 1439 1083 1528 coeperunt.
1103 1431 1315 1506 Dormierat

200 1563 287 1630 tune
305 1555 488 1632 Arzlauus
507 1557 630 1632 Bassa
656 1580 809 1654 gravem
836 1566 1036 1649 veternum,
1066 1567 1103 1634 et
1131 1583 1210 1634 cum
1230 1583 1317 1634 uxo·

200 1707 279 1758 rem
297 1707 318 1757 e
336 1682 452 1759 nobili
471 1684 703 1782 Vngarorum
722 1682 837 1782 stirpe
855 1693 1087 1781 procreatam
1111 1707 1233 1761 seeum
1252 1685 1316 1760 ha-

199 1811 315 1903 beret,
335 1810 418 1884 vino
443 1833 651 1907 veneroque
670 1812 811 1887 solutus
831 1810 1027 1886 difficulter
1054 1811 1245 1886 admodum
1264 1811 1312 1885 ab

200 1957 316 2010 uxore
335 1936 489 2011 excitari
515 1944 673 2034 poterat.
707 1933 798 2010 Oum
817 1936 911 2011 enim
937 1936 983 2010 ab
1003 1959 1117 2013 uxore
1135 1960 1313 2035 experge-

201 2062 364 2138 factusa
391 2063 524 2139 ceteris
544 2087 585 2139 se
603 2064 793 2139 inclamari
821 2062 1011 2156 sensisset,
1040 2073 1142 2138 ratus
1170 2070 1312 2138 contro-

202 2188 366 2262 versiam
393 2190 622 2288 superiorum
650 2189 788 2264 dierum
826 2213 849 2263 a
876 2188 1065 2266 Junizaris
1092 2197 1315 2272 renovatamr

202 2314 377 2389 recedere
397 2315 553 2413 quietem
573 2316 812 2390 obturbautcs
831 2313 1001 2388 iusserat.
1029 2313 1079 2389 At
1107 2339 1185 2391 cum
1204 2315 1316 2392 eiula-

203 2449 280 2514 tum
300 2441 517 2536 ingeminari
536 2440 727 2534 sensisset,
755 2448 870 2535 ratus,
901 2441 997 2538 quod
1024 2463 1086 2516 res
1115 2449 1206 2532 erat,
1234 2441 1316 2516 dolo

204 2567 331 2640 urbem
351 2572 507 2663 captam,
528 2565 696 2642 discussa
713 2566 865 2665 crapula
884 2589 905 2640 e
923 2566 1058 2666 ¹stratis
1078 2567 1224 2661 exsiliit,
1244 2591 1315 2643 am-

207 2695 429 2790 plexatoque
447 2690 573 2785 filiolo,
597 2716 702 2790 quem
721 2717 767 2769 ex
778 2692 969 2790 Vagariea
987 2693 1052 2767 illa
1062 2716 1175 2768 uxore
1194 2715 1315 2770 susee-

208 2826 325 2916 perat,
354 2818 488 2916 caligis
516 2829 668 2918 repente
693 2819 850 2911 indutis,
880 2841 974 2916 sago
999 2818 1176 2895 duntaxat
1211 2828 1321 2916 atque

208 2944 334 3040 gladio
364 2954 527 3020 armatus
563 2947 613 3021 ad
640 2955 826 3023 catervam
854 2967 1001 3022 suorum
1029 2945 1197 3044 prosiliit.
1236 2947 1323 3019 Mox

209 3072 347 3147 coactis
378 3095 524 3148 suorum
543 3074 764 3165 cohortibus,
791 3073 830 3147 in
847 3079 995 3148 nostros
1013 3071 1153 3166 ingenti
1171 3070 1288 3144 cums
1310 3115 1323 3128 -

209 3223 294 3276 rore
311 3199 426 3292 irruit,
445 3223 491 3274 ac
508 3200 655 3275 sublato
675 3199 844 3291 clamore,
865 3220 960 3273 nuno
978 3219 1082 3286 nunc,
1101 3196 1227 3294 inquit,
1248 3196 1323 3270 ani-

209 3328 279 3402 mis
303 3349 395 3426 opus
424 3334 481 3403 est
508 3326 704 3402 effeminati
732 3323 964 3417 Musulmani,
991 3322 1051 3419 qui
1078 3321 1187 3398 toties
1217 3321 1324 3396 dede-

211 3476 276 3529 cus
302 3452 406 3551 passi
437 3453 593 3552 primum
612 3451 797 3545 Filekum,
826 3473 910 3527 mox
930 3447 1155 3544 Strigonium
1182 3472 1326 3547 quoque

209 3581 365 3676 turpiter
387 3579 572 3656 amisistis.
593 3577 653 3654 Au
676 3602 749 3653 uon
768 3578 862 3676 proh
881 3574 1068 3654 dolorhoo
1081 3597 1225 3678 quoque
1240 3581 1325 3650 tem-

210 3729 302 3808 pore
319 3705 599 3807 propugnacula
619 3705 742 3782 omnia
761 3704 948 3796 amisistis,
966 3700 1074 3776 fidem
1092 3699 1270 3794 fregistis,
1289 3707 1326 3774 et

212 3833 310 3932 quod
329 3857 442 3932 saepe
452 3842 560 3909 antea
568 3832 792 3931 praemonui,
802 3830 967 3908 excubiis
976 3826 1209 3922 negligenter
1222 3825 1325 3918 actis,

210 3959 532 4059 inexpugnabilem
559 3959 654 4034 hano
683 3981 827 4057 quoque
853 3958 981 4032 urbem
1008 3950 1216 4030 infidelibus
1243 3972 1327 4050 pro·

211 4087 370 4162 didistis.
408 4085 548 4161 Adeste
578 4085 711 4182 igitur,
740 4093 777 4160 et
803 4083 865 4159 vel
891 4083 965 4157 iam
984 4077 1220 4154 Christianos
1239 4074 1326 4150 hino

213 4212 414 4306 excludite,
451 4214 511 4287 vel
545 4211 689 4288 fortiter
717 4216 868 4286 mortem
897 4204 1103 4304 oppetendo
1132 4205 1324 4280 honestam

211 4340 330 4419 nostri
348 4339 558 4415 memoriam
577 4338 673 4439 apud
691 4345 861 4436 posteros
878 4331 1083 4430 relinquite.
1115 4329 1185 4404 His
1214 4337 1324 4429 atque

212 4472 298 4550 aliis
334 4467 514 4543 similibus
544 4463 857 4562 cohortationibus
894 4457 1043 4557 excitati
1072 4456 1110 4530 in
1138 4455 1326 4553 Vngaros,

213 4600 276 4698 qui
294 4599 367 4672 iam
384 4595 483 4670 vallo
497 4594 605 4692 potiti
622 4593 779 4682 fuerant,
805 4589 944 4665 furiose
972 4586 1123 4672 irruunt,
1152 4589 1325 4680 tantoque

215 4723 347 4805 ardore
364 4741 493 4800 manus
512 4741 590 4796 cnm
609 4718 656 4794 iis
675 4722 879 4810 conserunt,
899 4721 939 4788 ut
958 4711 1096 4810 aliquot
1110 4729 1173 4784 eos
1184 4707 1325 4788 vicibus
