3625 5534
471 367 548 444 102
867 393 920 443 ιο.
940 390 1043 442 nscn
1061 385 1211 438 csnoru

467 576 592 642 tamen
612 588 683 640 non
703 588 748 639 eo
768 565 928 654 adducti,
947 575 988 640 ot
1006 588 1130 640 arcem
1150 565 1289 638 nostris
1309 565 1496 658 dederent,
1531 567 1598 642 sed

467 693 592 791 potius
610 691 877 790 pertinaciores
895 692 1139 766 redderentur
1158 690 1195 764 in
1224 691 1426 789 proposito.
1466 693 1600 789 Itaque

469 843 549 892 cnm
568 819 708 892 frustra
727 817 863 892 multos
882 817 974 908 dies,
993 814 1155 891 maxima
1182 837 1263 890 cum
1291 815 1456 904 militum,
1486 841 1602 912 equo·

469 968 559 1032 rnm,
582 941 773 1040 pecuniae,
802 941 1035 1039 omniumque
1063 940 1360 1016 necessariorum
1388 940 1544 1030 iactura,
1564 942 1602 1015 in

470 1067 746 1168 oppugnatione
765 1067 1015 1144 Hatvanicnsi
1045 1066 1373 1164 consumpsissent,
1401 1077 1485 1143 orta
1502 1068 1602 1142 inter

470 1197 583 1270 duces
603 1193 853 1283 dissensione,
891 1217 936 1267 ac
963 1193 1185 1292 proditionis
1215 1193 1440 1291 suspicione,
1468 1194 1603 1268 itinere

470 1322 584 1418 fugae
603 1319 715 1394 simili
744 1319 830 1393 inde
850 1342 892 1394 se
912 1320 1068 1416 quisque
1089 1321 1232 1395 domum
1254 1325 1484 1416 receperunt.
1496 1319 1603 1394 ldem

469 1470 542 1521 non
561 1447 780 1543 multopost
809 1452 847 1519 et
873 1445 1162 1544 oppugnationis
1182 1443 1454 1542 strigoniensis
1478 1448 1603 1520 exitus

472 1572 551 1646 fuit.
570 1567 773 1666 Postquam
792 1570 888 1642 enim
908 1591 981 1643 non
999 1571 1174 1666 exiguam
1182 1569 1378 1661 hominum,
1402 1569 1603 1667 intorques

470 1704 509 1771 et
536 1693 759 1770 Valentinus
786 1681 949 1770 Balassa
977 1696 1055 1786 fuit,
1081 1702 1361 1793 ceterorumque
1380 1695 1602 1771 bellicorum

471 1831 736 1899 commeatuum
754 1821 936 1898 iacturam
959 1823 1012 1897 ibi
1042 1824 1120 1898 fato
1139 1824 1298 1921 quodam
1318 1823 1438 1900 nostri
1456 1823 1601 1899 irustra

472 1950 665 2025 iecissent:
686 1949 925 2025 adventantis
952 1972 1099 2024 rumore
1118 1948 1259 2042 Sinani,
1280 1951 1600 2046 Tartarornmque

471 2099 540 2175 per
558 2075 859 2175 Transylraniae
877 2075 972 2150 fines
992 2075 1185 2173 eruptione
1215 2075 1313 2166 moti,
1342 2075 1439 2173 quod
1464 2097 1604 2171 nequa·

472 2225 582 2299 quam
610 2224 652 2277 se
675 2223 788 2301 pares
806 2200 992 2276 obsidioni
1021 2199 1130 2277 simul
1152 2201 1355 2298 urgendae,
1393 2207 1431 2275 et
1458 2199 1603 2298 praelio

472 2351 554 2403 cum
571 2334 677 2402 tanta
695 2326 949 2402 Barbarorum
978 2327 1220 2402 multidndine
1240 2327 1409 2417 ineundo,
1438 2327 1520 2400 iore
1540 2349 1605 2423 pu-

471 2457 606 2541 tarent,
625 2450 729 2525 rasis
748 2449 914 2524 collectis
934 2450 1122 2526 laurinum
1141 2474 1183 2526 se
1203 2473 1335 2527 versus
1355 2473 1545 2550 recepere,
1563 2448 1602 2523 in

472 2577 510 2650 id
529 2575 627 2652 omni
641 2573 762 2650 studio
780 2574 1047 2667 incumbentes,
1075 2584 1116 2652 ut
1143 2584 1181 2652 et
1209 2576 1466 2651 laborantibus
1484 2573 1601 2651 lauri·

471 2699 662 2790 sensibus,
682 2699 716 2772 si
735 2698 943 2774 necessitas
952 2702 1171 2799 postularet,
1184 2709 1365 2776 maturam
1374 2723 1482 2798 opem
1491 2699 1602 2792 ferre,

472 2833 510 2900 et
524 2823 832 2924 depopulationes
851 2823 1010 2900 hostiles
1029 2823 1207 2918 inhibere,
1238 2826 1439 2925 copiasque
1459 2826 1603 2903 Barba·

472 2953 591 3041 ricae,
630 2972 726 3049 quae
753 2949 853 3026 ultra
880 2958 1047 3026 trecenta
1065 2951 1250 3028 hominum
1270 2951 1385 3028 millia
1405 2974 1603 3030 excurrere

475 3077 702 3168 dicebantur,
721 3075 785 3151 ubi
804 3098 846 3150 se
865 3077 1014 3152 occasio
1035 3077 1150 3170 daret,
1171 3099 1328 3176 carpere
1356 3087 1523 3176 possent

932 3284 1139 3298 ⁸·——c——n-—n—

813 3470 989 3550 onrvr
1019 3469 1276 3550 oncruvn.
1324 3573 1327 3586 Ι

612 3650 668 3724 De
686 3649 790 3726 clade
808 3651 1080 3746 Rosciccomcm
1105 3652 1467 3729 Beczlcerekierrsicm.

582 3833 763 3909 Obsessis
802 3836 953 3912 arcibus
990 3831 1179 3933 Strigonio
1218 3842 1256 3910 et
1288 3835 1484 3925 Hatvano,
1525 3857 1606 3912 cum

473 3958 595 4054 longe,
634 3959 782 4057 lateque
801 3982 887 4035 sese
903 3961 1006 4035 fama
1026 3959 1244 4053 diffudisset,
1264 3959 1475 4060 Principem
1494 3959 1605 4035 etiam

476 4083 780 4183 Transylranum
813 4108 894 4160 cum
913 4085 966 4160 40
986 4086 1172 4162 bominum
1190 4086 1352 4163 millibus
1371 4085 1521 4162 iamiam
1541 4086 1604 4160 ad·

472 4216 645 4300 ventare,
668 4217 706 4286 ot
734 4209 1004 4303 Temesvarum
1033 4213 1205 4288 obsidere
1231 4210 1350 4305 velle,
1379 4210 1528 4309 quidam
1558 4193 1605 4285 e'x

474 4333 692 4426 Roscianis,
725 4361 749 4411 a
776 4336 1004 4414 Baltbasare
1034 4337 1263 4436 potissimum
1303 4336 1491 4412 Bathcreo
1523 4335 1604 4410 aui·-

474 4458 574 4548 mati,
612 4467 650 4534 et
683 4458 918 4537 iureiurando
954 4462 1004 4536 ad
1030 4461 1257 4538 inferendam
1280 4461 1435 4546 ‘ancia
1454 4460 1606 4538 ubicun-

474 4604 545 4680 que
564 4585 711 4663 occasio
730 4609 772 4664 se
791 4587 908 4682 daret,
937 4588 1010 4664 vim
1038 4585 1172 4682 adacti,
1201 4588 1380 4688 imprimis
1401 4585 1606 4666 Chausium
