3625 5534
526 531 574 582 nn
594 534 676 585 nnn.
700 535 784 586 vnn.
804 535 886 585 nne.
908 536 942 585 x.
962 537 995 586 n.
1019 535 1065 586 rx.
1310 515 1385 593 211

254 708 470 784 fodinarmn.
482 709 643 787 Cuilibet
653 721 773 787 autem
782 711 985 788 Siculorum
998 713 1195 812 Capitanei
1204 716 1388 813 Principis

255 858 321 931 pro
341 846 474 934 parata
493 839 649 934 pecunia
669 840 786 913 salem
806 847 844 914 et
861 841 998 914 ferrum
1006 841 1303 939 suppeditabunt.
1315 843 1386 919 Fo-

257 963 380 1038 dinam
399 964 636 1060 sulphuream
657 966 695 1038 in
714 966 914 1040 territoriis
924 965 1136 1065 Superioris
1147 976 1184 1043 et
1194 970 1388 1044 Inferioris

256 1089 374 1184 Torja
402 1089 511 1165 sitam
539 1089 682 1166 incolae
713 1112 838 1165 eorum
857 1091 1020 1166 vicorum
1040 1093 1238 1168 secundum
1259 1103 1408 1171 vetera-

256 1213 420 1312 ipsorum
437 1215 638 1314 privilegia
657 1218 841 1306 excolere,
864 1240 908 1292 ac
927 1217 1085 1315 sulphur
1103 1241 1210 1293 omne
1220 1220 1257 1294 iu
1267 1222 1386 1319 publi-

256 1363 335 1416 cum
365 1342 686 1417 armamentarium
715 1344 825 1418 solito
854 1365 956 1418 more
985 1344 1247 1420 administrare
1276 1346 1386 1423 debe-

256 1467 356 1542 bunt
394 1468 535 1544 Debita
561 1474 685 1544 tamen
713 1469 834 1544 omnia
862 1470 1032 1566 patronis
1062 1472 1140 1546 suis
1158 1474 1388 1570 persolvant,

256 1593 504 1690 tributumque
532 1594 608 1669 illis
638 1595 817 1670 hactenus
837 1596 1049 1693 impositum
1070 1605 1107 1672 et
1125 1598 1285 1674 nondum
1305 1622 1388 1696 per·

257 1719 426 1812 solutum,
446 1720 667 1818 residuaque
687 1743 813 1796 eorum
844 1722 881 1795 in
909 1721 1042 1796 liscum
1059 1723 1303 1823 principalem
1322 1725 1385 1798 ad-

256 1845 464 1921 ministrare
484 1854 690 1922 teneantur.
712 1845 930 1944 Quicunque
950 1855 1075 1923 autem
1087 1845 1387 1925 Siculorumhuic

253 1973 353 2046 bello
364 1971 547 2046 interesse
566 1971 759 2064 noluerint,
779 1972 805 2045 ii
825 1972 896 2046 hac
915 1971 1101 2048 libertatis
1116 1976 1385 2072 praerogativa

254 2121 325 2174 non
336 2100 516 2191 fruentur,
532 2101 599 2175 sed
608 2099 799 2198 prioribus
810 2100 888 2175 suis
899 2099 1057 2174 dominis
1068 2100 1294 2177 addicentur.
1311 2101 1385 2192 Qui

254 2226 493 2302 veroarcium
503 2227 736 2325 publicarum
751 2226 842 2301 iuris
854 2225 1012 2324 fuerant,
1032 2227 1082 2300 ad
1092 2249 1219 2301 earum
1237 2249 1383 2302 rursum

253 2351 547 2428 iurisdictionem
565 2352 881 2449 mancipabuntur,
900 2350 1070 2449 exceptis
1079 2351 1137 2444 iis,
1161 2352 1384 2451 quiexpedi-

252 2477 416 2554 tionibus
426 2477 487 2551 vel
499 2477 829 2568 Moldaviensibus,
845 2476 911 2552 -vel
931 2467 1204 2574 Transalpinis,
1214 2479 1276 2552 vel
1286 2476 1384 2550 deni-

254 2627 324 2701 que
352 2603 647 2699 Lugasiensibus
677 2602 845 2701 occupati
874 2603 1041 2677 sedulam
1062 2602 1206 2699 patriae
1244 2615 1383 2678 navant

250 2752 411 2827 operam,
431 2731 551 2805 adbuc
577 2730 741 2826 exceptis
765 2729 877 2804 etiam
898 2728 1061 2820 senibus,
1094 2728 1226 2819 viduis,
1248 2730 1381 2827 orpha·

253 2855 319 2947 nis,
329 2855 479 2931 famulis
491 2864 529 2931 et
539 2857 700 2932 vicorum
712 2856 972 2953 domorumque
984 2854 1213 2945 custodibus,
1235 2855 1385 2929 ceteris·

254 3006 335 3079 que,
355 2983 417 3079 qui
431 2983 557 3079 aliqua
576 2981 783 3057 excusabili
793 2981 1019 3056 necessitate
1035 2980 1132 3055 domi
1151 2979 1270 3054 relicti
1288 2988 1384 3055 sunt.

254 3106 294 3183 Si
304 3107 369 3205 qui
390 3116 511 3183 autem
523 3105 731 3183 Siculorum
752 3108 933 3182 violenter
944 3107 1198 3182 detinerentur
1217 3128 1241 3179 a
1259 3113 1383 3203 patro·

252 3233 368 3308 nis:ii
379 3235 488 3311 etiam
499 3235 629 3310 dimitti
641 3235 821 3318 iubentur,
833 3241 871 3307 et
881 3233 1010 3307 eodem
1021 3231 1190 3307 redditae
1200 3230 1385 3306 libertatis

251 3361 450 3460 privilegio
479 3362 542 3453 uti,
572 3361 645 3435 lrui
673 3361 945 3458 permittuntur.
985 3359 1181 3434 Postremo
1213 3358 1385 3433 iubentur
1528 3433 1533 3438 .

253 3484 459 3563 Siculorum
488 3488 664 3580 universi,
691 3512 736 3563 ac
765 3487 915 3584 slqguli,
953 3487 1016 3584 qui
1045 3486 1145 3561 bello
1175 3484 1384 3560 interfuturi

253 3614 337 3704 siut,
357 3614 505 3689 nomina
524 3637 592 3690 sua
608 3611 775 3712 profiteri
793 3622 830 3688 et
849 3613 887 3687 in
908 3616 1119 3708 catalogum
1139 3611 1383 3686 matriculam-

258 3763 328 3837 que
356 3738 551 3840 Principis,
590 3763 635 3814 ac
653 3739 899 3834 legitimorum
930 3738 1009 3812 eius
1051 3734 1252 3810 haeredum
1289 3733 1383 3807 refe-

258 3867 373 3942 renda
394 3889 536 3942 curare.
558 3866 641 3941 Has
661 3887 788 3941 omnes
807 3863 975 3939 redditae
1004 3860 1189 3936 libertatis
1209 3856 1383 3933 conditio-

257 4017 324 4068 nes
352 3992 515 4068 universi
544 4015 589 4067 ac
618 3991 756 4086 singuli
785 3987 990 4064 Siculorum
1019 3985 1088 4060 sub
1117 3983 1316 4057 amissione
1344 3980 1385 4054 li·

257 4117 414 4194 bertatis
449 4124 692 4215 recuperatae
721 4116 924 4190 observare
943 4119 1123 4187 tenentur.
1159 4107 1257 4182 Acta
1293 4107 1386 4182 baec

257 4245 404 4318 luerunt
422 4241 508 4316 XV.
530 4241 761 4341 Septembris
783 4235 985 4313 MDXOV.
1017 4236 1054 4310 iu
1084 4233 1218 4310 castris
1246 4231 1295 4307 ad
1314 4230 1385 4304 Fess

258 4368 469 4444 ketehalom
488 4368 632 4467 positis.
