3625 5534
531 466 580 516 ou
598 464 677 514 aaa.
697 463 780 515 vac.
799 467 881 518 unc.
905 468 953 520 xr.
973 469 1005 518 n.
1034 469 1071 520 11.
1285 447 1362 524 309

458 1195 691 1295 LIBER
743 1196 1151 1302 SECVNDVS.

748 1396 853 1406 an—-u

594 1547 768 1626 GAPVT
797 1549 1013 1629 PRIMVM.

286 1731 363 1804 'De
381 1727 605 1826 expeditione
623 1730 852 1820 clancularia
870 1732 1044 1806 adversus
1064 1733 1256 1808 laurinum
1276 1761 1300 1808 a

601 1855 820 1932 Christianis
837 1872 1011 1955 scesceptu.

346 2037 505 2138 Excepit
523 2037 665 2112 tristem
683 2037 782 2112 hanc
799 2037 980 2112 actionem
998 2038 1247 2114 sanctissimus
1267 2057 1356 2114 uun·

234 2167 312 2240 tius
340 2165 386 2240 de
413 2171 521 2262 capto
539 2163 698 2250 lautino,
727 2164 823 2261 quod
850 2164 982 2239 iisdem
1011 2165 1140 2240 dicbus
1160 2165 1354 2262 Adelphos

237 2290 374 2368 Comes
382 2289 779 2383 Schwarzenburgicus
790 2297 826 2364 ct
836 2291 1012 2366 Nicolaus
1024 2291 1161 2368 Palfius
1178 2293 1271 2366 mira
1282 2294 1354 2368 Dei

234 2418 472 2516 providentia
499 2441 544 2492 ac
570 2417 751 2512 singulari
778 2424 1042 2513 stratagemate
1070 2420 1107 2492 in
1135 2426 1354 2518 potestatem

238 2541 532 2620 Christianorum
541 2543 731 2639 redegere.
741 2545 901 2619 Tentata
919 2545 1012 2620 enim
1022 2545 1124 2621 irrito
1143 2553 1275 2622 conatu
1293 2570 1355 2645 op·

233 2673 460 2770 pugnatione
478 2671 627 2760 Iauriui,
656 2678 808 2770 accepta
834 2694 907 2747 uon
936 2673 1070 2769 exigua
1097 2673 1214 2764 clade,
1234 2671 1353 2748 Comi-

116 2861 120 2866 .
233 2809 308 2875 tcm
328 2797 738 2895 Schwarzcuburgicum
758 2803 963 2900 Imperator
990 2802 1035 2878 ad
1066 2825 1107 2878 sc
1145 2813 1352 2896 vocaverat,

234 2949 389 3024 eumque
407 2926 533 3024 Praga
562 2926 610 3003 ad
630 2934 793 3023 stragem
812 2927 991 3003 Barbarie
1012 2951 1224 3025 quocunque
1245 2929 1349 3004 modo
1457 2935 1459 2940 “

234 3053 464 3128 inferendam
490 3053 624 3128 faustis
643 3054 823 3129 ominibus
852 3076 990 3130 summo
1019 3077 1098 3128 cum
1126 3055 1278 3152 imperio
1311 3054 1349 3129 in

234 3178 443 3277 Vagariam
462 3180 715 3276 ablegaverat.
752 3183 791 3255 Is
819 3203 956 3255 memor
992 3155 1163 3270 mandati,
1190 3180 1349 3256 animad-

232 3308 345 3382 veiso
363 3313 536 3404 quantum
562 3305 716 3404 periculi
739 3306 1028 3382 alsatiensibus
1048 3305 1181 3381 Turcis
1201 3330 1272 3382 uon
1291 3331 1348 3383 so-

232 3433 308 3507 lum
326 3431 492 3530 reliquiis
508 3432 707 3528 Vngariae,
736 3432 931 3507 sedetiam
958 3432 1026 3507 toti
1046 3429 1268 3508 Germaniae
1295 3434 1347 3508 in-

232 3558 431 3649 cumberet,
452 3582 591 3634 omnem
611 3558 720 3632 animi
739 3560 975 3634 intentionem
994 3559 1041 3634 ad
1061 3561 1139 3634 eius
1160 3583 1344 3657 expugna-

233 3687 368 3761 tionem
397 3685 584 3784 applicare
613 3685 752 3760 statuit.
783 3688 914 3784 Itaque
934 3683 1129 3763 Cumarum
1148 3688 1344 3783 proiectus,

231 3813 270 3886 in
287 3811 326 3884 id
344 3811 521 3908 imprimis
543 3811 639 3886 omni
658 3833 746 3885 cura
774 3819 884 3908 atque
903 3812 1097 3907 vigilantia
1115 3811 1286 3900 incubuit,
1305 3819 1345 3885 ut

228 3945 449 4016 tormentum
475 3938 566 4013 illud
592 3936 752 4035 ligneum
781 3939 979 4013 aFrancis
1008 3937 1161 4036 primum
1179 3934 1343 4011 mirando

227 4087 382 4166 prorsus
401 4063 558 4138 artificio
591 4063 650 4140 his
668 4064 845 4164 proximis
875 4063 980 4139 annis
1008 4063 1203 4140 inventum.
1234 4087 1340 4160 quam

227 4199 357 4294 posset
377 4190 621 4267 occultissime
641 4191 899 4265 conficiendum
922 4197 1075 4278 curaret,
1096 4189 1196 4263 cuins
1216 4189 1341 4286 impiu-

227 4319 341 4418 gendi
362 4342 456 4416 quae
474 4318 523 4393 sit
540 4317 648 4410 ratio,
667 4342 734 4394 uec
753 4317 824 4392 nisi
844 4343 867 4393 a
884 4317 1117 4415 paucissimis
1129 4317 1251 4408 scitur,
1271 4340 1338 4390 nec

226 4445 260 4518 si
278 4444 365 4519 sciri
384 4447 493 4519 etiam
512 4452 650 4542 posset,
670 4444 826 4542 publicis
845 4443 1033 4519 literarum
1052 4443 1280 4516 monimentis
1290 4443 1338 4516 ad

161 4592 163 4595 ·
225 4570 393 4645 notitiam
411 4571 604 4647 multorum
614 4571 889 4670 propagandum
909 4571 1104 4644 videretur.
1128 4569 1209 4644 Hoc
1226 4569 1339 4665 igitur

226 4706 407 4774 tormento
436 4698 612 4790 confecta,
640 4698 793 4774 alterum
821 4698 858 4772 id
885 4697 963 4775 fuit,
992 4697 1118 4793 inquo
1139 4703 1336 4792 satageret.
