3625 5534
840 480 889 533 10.
908 477 1009 530 onon
1028 477 1178 528 BAROVII

774 799 949 876 OAPV'P
978 796 1236 890 QVINTVM.

441 987 500 1060 De
523 984 689 1080 Corpore
707 984 843 1057 Kornis
874 980 1049 1053 Viennam
1067 980 1184 1070 missa,
1219 975 1386 1072 Totoque
1405 1002 1450 1048 oc
1463 974 1568 1072 Papa

440 1116 482 1186 in
513 1107 760 1184 Christianam
788 1105 960 1179 ditionem
989 1101 1155 1195 redactis,
1186 1113 1217 1175 ot
1245 1097 1401 1175 Ioarino
1421 1098 1570 1198 frastra

896 1241 1116 1327 oppapnato.

552 1414 649 1487 Dum
668 1413 763 1485 haec
791 1418 980 1504 geruntur,
1019 1404 1165 1484 Caesar
1193 1407 1413 1506 Rudolphus
1444 1429 1575 1480 novam

445 1543 483 1616 in
502 1540 647 1615 Turcas
666 1536 936 1635 expeditionem
956 1535 1123 1628 adornat,
1154 1534 1264 1632 eique
1283 1533 1576 1610 Maximilianum

447 1685 577 1742 rursus
595 1665 939 1758 fratrempraeesse
952 1662 1062 1736 iubet.
1083 1662 1140 1735 Ea
1159 1662 1373 1757 recognita,
1393 1659 1576 1757 Princeps

448 1788 655 1889 Oasparem
675 1789 830 1876 Kornis,
859 1788 977 1861 virum
1007 1787 1184 1861 senatorii
1212 1787 1353 1861 ordinis
1378 1783 1575 1875 illustrem,

447 1915 700 2015 imprimisque
732 1921 923 2010 spectatae
953 1937 1044 2008 erga
1072 1935 1113 1987 se
1132 1913 1220 1988 fidei
1247 1912 1442 2002 hominem,
1466 1910 1580 2004 celer·
1725 1983 1726 2015 ,

449 2045 540 2119 rimo
559 2042 691 2117 itinere
711 2040 894 2116 Viennam
913 2040 978 2133 irc,
1003 2038 1231 2136 consiliaque
1251 2036 1431 2113 Caesaris
1451 2036 1578 2135 explo-

449 2194 535 2245 rare
553 2169 665 2244 iubet.
695 2168 789 2241 Erat
816 2167 1000 2252 exercitus
1020 2163 1255 2260 germanicus
1276 2165 1375 2242 omni
1394 2185 1579 2238 armorum

452 2304 563 2393 atque
591 2293 775 2370 hominum
802 2317 940 2388 genere
969 2292 1080 2388 longe
1099 2291 1420 2366 instructissimus.
1462 2287 1580 2379 Quem

452 2429 672 2521 apparatum
706 2419 805 2494 haud
833 2419 1041 2516 vulgariter
1069 2419 1347 2493 condecorabat
1375 2425 1412 2494 et
1440 2415 1580 2511 legatio

453 2546 612 2647 persica,
633 2569 727 2642 quae
745 2552 947 2642 propterea
967 2541 1230 2618 adansarem
1248 2542 1487 2641 Rudolphum
1506 2541 1582 2615 mit-

453 2672 614 2761 tebatur,
642 2678 683 2744 ut
711 2670 926 2767 exploraret
954 2693 1039 2744 num
1059 2693 1150 2744 vera
1170 2679 1309 2763 essent,
1339 2691 1434 2766 quae
1454 2668 1581 2743 Maho-

455 2805 571 2872 metes
582 2795 788 2870 Turearum
806 2795 1015 2892 Imperator
1034 2795 1175 2893 passim
1194 2795 1231 2868 in
1260 2803 1340 2870 toto
1361 2795 1506 2870 oriente
1534 2793 1583 2868 di·
1728 2793 1729 2805 ’

459 2929 660 3022 spenserat.
701 2916 823 3017 Capta
851 2921 947 2995 enim
967 2921 1085 3016 Agris
1114 2945 1158 2994 ao
1178 2922 1314 2996 Turcis
1341 2920 1445 2995 iuxta
1474 2929 1583 3016 atque

457 3046 658 3124 Christinis
677 3046 767 3141 fuga
786 3046 955 3143 dilapsis,
988 3043 1131 3122 Caesar
1159 3047 1351 3122 victoriam
1371 3047 1583 3143 ambiguam

458 3184 559 3250 certo
588 3173 661 3248 sibi
689 3173 959 3268 assignaverat,
989 3196 1143 3269 eamque
1171 3172 1279 3247 falsis
1298 3173 1519 3262 rumoribus,
1538 3195 1583 3246 ex

458 3298 662 3395 composito
685 3320 980 3393 quaquaversum
1000 3297 1192 3395 dispersis,
1220 3299 1274 3373 ita
1301 3299 1339 3372 in
1368 3300 1585 3374 immensum

461 3424 676 3512 adauxerat,
687 3423 808 3496 utiam
822 3447 949 3499 omnes
961 3421 1196 3500 Christianos
1207 3426 1368 3500 ditiones
1382 3426 1451 3501 sub
1462 3425 1587 3520 iugum

459 3574 482 3623 a
501 3571 544 3622 se
562 3546 699 3621 missas
718 3546 882 3641 gloriose
910 3549 1138 3642 mentiretur,
1166 3573 1235 3624 nec
1253 3550 1367 3624 ullum
1387 3549 1463 3624 iam
1481 3547 1587 3624 Prin-
1665 3533 1669 3542 ¹

459 3675 579 3772 cipem
589 3661 840 3747 Christianum
851 3697 1049 3772 superesse
1060 3683 1305 3762 asseveraret,
1318 3675 1381 3773 qui
1390 3699 1432 3751 se
1442 3676 1583 3752 Musul-

460 3799 579 3875 manis
599 3821 787 3896 opponere
806 3799 970 3874 auderet.
991 3797 1067 3875 Sed
1076 3800 1113 3875 id
1124 3800 1237 3896 longe
1247 3801 1489 3876 salsissimum
1501 3823 1585 3876 esse

463 3933 682 4023 conspectus
702 3924 795 3998 tanti
814 3925 1000 4000 exercitus
1010 3926 1122 4000 facile
1131 3925 1259 4000 Persis
1275 3925 1474 4024 persuasit,
1495 3947 1587 4022 quos

463 4051 612 4126 tandem
621 4047 764 4124 Caesar
776 4049 995 4148 Rudolphus
1007 4075 1075 4150 spe
1095 4052 1194 4126 bcna
1212 4051 1416 4150 completos
1437 4052 1586 4149 amplis·

461 4177 628 4273 simeque
647 4175 803 4250 donatos
823 4176 967 4252 domum
986 4178 1034 4251 ad
1055 4200 1142 4252 suos
1162 4177 1314 4252 remisit.
1339 4176 1492 4252 Interim
1512 4157 1587 4251 Ma-

463 4299 673 4377 ximiliauus
701 4325 782 4376 cum
813 4304 929 4401 copiis
958 4326 1194 4400 progressus,
1215 4302 1351 4379 Tatam
1384 4309 1496 4399 atque
1516 4301 1585 4376 Pa·

464 4450 548 4525 pam
587 4427 698 4524 capit,
734 4429 995 4527 laurinumque
1025 4430 1182 4506 obsidet.
1221 4427 1431 4505 Simulabat
1469 4426 1586 4504 Maxi-

464 4551 636 4626 milianus
656 4553 756 4627 fama
775 4576 828 4647 se,
858 4555 1168 4653 diuturnitateque
1188 4562 1423 4646 commeatus,
1442 4561 1517 4629 tam
1535 4553 1585 4628 in-

469 4677 759 4780 expugnabilem
778 4703 902 4756 aroem
923 4689 1136 4782 capturum:
1165 4680 1322 4780 ideoque
1351 4679 1530 4776 edixerat,
1552 4685 1592 4754 ut
