3625 5534
511 515 561 565 nn
578 515 659 568 rue.
678 516 762 568 vno.
781 519 865 572 msc.
886 520 921 572 x.
941 520 972 570 u.
993 520 1028 572 x.
1273 496 1350 573 235

463 1228 699 1326 risun
743 1228 1103 1374 nucumve.

578 1574 754 1653 cucur
783 1578 1001 1690 primun.

229 1759 284 1832 De
308 1757 473 1834 Cornitiis
496 1758 607 1832 Albae
636 1751 759 1832 Iuliae
777 1757 974 1854 celebratis,
1005 1773 1037 1834 et
1056 1759 1226 1856 adempta
1245 1755 1351 1836 Sicu-

674 1881 720 1956 lis
738 1882 911 1958 stemate.

335 2059 502 2138 Petieret
531 2059 703 2138 Coronae
731 2062 908 2161 nobilitas
937 2088 959 2138 a
984 2063 1156 2161 Principe
1184 2073 1235 2156 ut,
1264 2085 1351 2160 quo-

228 2187 327 2264 niam
353 2184 428 2260 Dei
454 2185 636 2262 beneficio
663 2185 800 2260 bellum
835 2185 909 2261 iam
938 2187 1135 2262 Turcicum
1164 2209 1210 2262 ex
1239 2189 1350 2262 animi

230 2312 413 2389 sententia
423 2319 525 2388 esset
544 2313 761 2404 confectum,
780 2310 893 2387 Siculi
906 2313 1073 2411 pristinis
1083 2312 1254 2389 Dominis
1274 2314 1353 2389 red-

230 2439 412 2514 derentur.
443 2433 518 2511 Sed
536 2435 730 2535 Princeps,
758 2439 912 2535 nequid
941 2439 977 2513 iu
1006 2461 1047 2512 re
1067 2438 1160 2515 tenti
1180 2441 1353 2515 momenti

232 2563 448 2640 inconsultis
468 2561 671 2640 Ordinibus
682 2563 816 2659 Regni,
838 2572 901 2639 aut
920 2571 1070 2662 praeter
1088 2564 1145 2639 ins
1165 2571 1276 2662 atque
1295 2564 1354 2640 les

232 2691 357 2764 lacere
377 2688 576 2782 videretur,
597 2712 674 2765 rem
692 2697 808 2764 totam
827 2691 864 2764 in
876 2687 1033 2766 Comitia
1051 2690 1243 2765 reiecerat.
1262 2690 1353 2766 Mox

234 2815 376 2890 domum
395 2836 580 2906 reversus,
600 2815 801 2913 vixpauois
814 2815 944 2890 diebus
956 2839 1002 2890 or
1024 2816 1153 2891 labore
1171 2816 1353 2913 febrique,

234 2965 308 3039 qua
326 2942 499 3018 laborare
520 2951 705 3041 coeperat,
727 2942 952 3039 conquievit:
977 2923 1057 3018 cum
1076 2965 1213 3018 memor
1242 2941 1354 3016 olfioii

233 3068 401 3143 iuxtaue
420 3067 594 3167 promissi
613 3066 910 3165 publiceAlbam
922 3066 1052 3142 Iuliam
1064 3066 1211 3141 comitio
1231 3064 1358 3143 udOa-

233 3192 576 3269 lendes-Ionnarias
604 3192 746 3282 indixit,
775 3192 962 3292 evulgatis
990 3193 1027 3267 in
1056 3215 1182 3267 omnes
1211 3193 1358 3290 provin-

235 3320 315 3394 ciae
332 3327 461 3418 partes
475 3319 595 3393 literis
615 3319 809 3417 edictoque
827 3320 1031 3417 proposito,
1051 3327 1091 3394 ut
1108 3341 1188 3393 cum
1208 3341 1255 3394 ex
1275 3321 1360 3395 aliis

236 3445 451 3532 Ordinibus,
476 3456 552 3522 tum
572 3447 682 3522 etiam
694 3469 741 3522 ex
752 3445 888 3522 Siculis
899 3446 1032 3522 delecti
1047 3469 1090 3522 eo
1106 3447 1154 3521 ad
1166 3446 1360 3524 tractanda

236 3573 387 3669 negotio
405 3573 651 3648 convenirent
681 3572 884 3670 Postquam
903 3596 1033 3649 omnes
1050 3573 1211 3671 undique
1231 3572 1358 3649 Status

237 3721 281 3773 ao
299 3696 462 3775 Ordines
490 3721 534 3774 eo
562 3707 818 3799 pervenerunt,
858 3697 974 3774 Siculi
1003 3699 1168 3774 exhibito
1197 3697 1361 3796 Principi

236 3824 364 3900 libello
382 3824 552 3923 supplici,
573 3834 737 3900 veterem
756 3848 798 3899 se
818 3847 898 3900 eum
909 3825 1067 3924 pristina
1078 3847 1170 3920 erga
1189 3846 1271 3898 eum
1290 3822 1361 3898 fide

238 3950 453 4047 religionem
481 3953 616 4027 offerre
643 3951 881 4051 profitentur,
912 3973 1067 4048 eumque
1094 3948 1270 4048 promissi
1300 3947 1362 4024 ad-

237 4078 410 4152 monitum
430 4084 548 4169 orant,
569 4079 777 4169 obsecrant,
806 4087 844 4153 et
871 4101 939 4176 per
968 4077 1090 4151 omnia
1109 4099 1220 4152 sacra
1238 4077 1360 4151 obtes-

237 4209 371 4293 tentur,
390 4208 559 4298 utquam
578 4207 695 4279 semel
723 4203 933 4280 libertatem
953 4200 1097 4277 solenni
1124 4201 1218 4298 ipsis
1245 4200 1357 4300 privi-

239 4326 339 4423 legio
386 4326 637 4421 reddidisset,
684 4353 766 4406 eam
802 4328 994 4427 praesenti
1037 4349 1182 4425 quoque
1215 4333 1361 4402 senten·

238 4451 291 4527 tia
317 4452 499 4531 adversus
528 4455 735 4533 nobilitatis
753 4458 943 4554 postulata
971 4453 1189 4531 confirmare
1227 4453 1357 4552 digne·

239 4583 349 4653 retur.
360 4577 548 4656 Nobilitas
559 4604 607 4655 ex
617 4581 788 4676 adverso,
800 4581 1076 4657 communicetis
1086 4580 1183 4656 ultro
1195 4578 1360 4677 citroque
1432 4596 1437 4614 ·

241 4704 414 4798 consiliis,
443 4706 609 4782 exhibito
629 4709 787 4812 supplici
806 4709 934 4783 libello
956 4707 1162 4808 Principem
1193 4703 1358 4784 solennis
