<?xml version="1.0" encoding="UTF-8"?>
<!DOCTYPE html PUBLIC "-//W3C//DTD XHTML 1.0 Transitional//EN"
    "http://www.w3.org/TR/xhtml1/DTD/xhtml1-transitional.dtd">
<html xmlns="http://www.w3.org/1999/xhtml" xml:lang="en" lang="en">
 <head>
  <title>
</title>
<meta http-equiv="Content-Type" content="text/html;charset=utf-8" />
  <meta name='ocr-system' content='tesseract 3.04.00' />
  <meta name='ocr-capabilities' content='ocr_page ocr_carea ocr_par ocr_line ocrx_word'/>
</head>
<body>
  <div class='ocr_page' id='page_1' title='image "./magyarhistorija00decsgoog_0251.png"; bbox 0 0 3625 5534; ppageno 0'>
   <div class='ocr_carea' id='block_1_1' title="bbox 487 467 1336 546">
    <p class='ocr_par' dir='ltr' id='par_1_1' title="bbox 487 467 1336 546">
     <span class='ocr_line' id='line_1_1' title="bbox 487 467 1336 546; baseline 0.008 -10"><span class='ocrx_word' id='word_1_1' title='bbox 487 487 535 537; x_wconf 85' lang='lat' dir='ltr'>nn</span> <span class='ocrx_word' id='word_1_2' title='bbox 553 486 634 538; x_wconf 83' lang='lat' dir='ltr'>nnn.</span> <span class='ocrx_word' id='word_1_3' title='bbox 654 486 739 539; x_wconf 84' lang='lat' dir='ltr'>vno.</span> <span class='ocrx_word' id='word_1_4' title='bbox 757 487 838 538; x_wconf 87' lang='lat' dir='ltr'>nnc.</span> <span class='ocrx_word' id='word_1_5' title='bbox 852 489 892 540; x_wconf 75' lang='lat' dir='ltr'>n.</span> <span class='ocrx_word' id='word_1_6' title='bbox 912 490 946 541; x_wconf 79' lang='lat' dir='ltr'>a.</span> <span class='ocrx_word' id='word_1_7' title='bbox 967 487 1029 540; x_wconf 85' lang='lat' dir='ltr'>vu.</span> <span class='ocrx_word' id='word_1_8' title='bbox 1265 467 1336 546; x_wconf 85' lang='grc'>161</span> 
     </span>
    </p>
   </div>
   <div class='ocr_carea' id='block_1_2' title="bbox 216 666 1362 4694">
    <p class='ocr_par' dir='ltr' id='par_1_2' title="bbox 216 666 1362 4694">
     <span class='ocr_line' id='line_1_2' title="bbox 219 666 1339 766; baseline 0.007 -26"><span class='ocrx_word' id='word_1_9' title='bbox 219 666 445 762; x_wconf 90' lang='lat' dir='ltr'>Sigismumli</span> <span class='ocrx_word' id='word_1_10' title='bbox 464 693 508 744; x_wconf 93' lang='lat' dir='ltr'>ac</span> <span class='ocrx_word' id='word_1_11' title='bbox 528 669 703 744; x_wconf 83' lang='lat' dir='ltr'><strong>ditionum</strong></span> <span class='ocrx_word' id='word_1_12' title='bbox 723 668 801 743; x_wconf 88' lang='lat' dir='ltr'>eius</span> <span class='ocrx_word' id='word_1_13' title='bbox 820 670 973 744; x_wconf 88' lang='lat' dir='ltr'>tutelam</span> <span class='ocrx_word' id='word_1_14' title='bbox 984 672 1174 766; x_wconf 90' lang='lat' dir='ltr'>suscipiat,</span> <span class='ocrx_word' id='word_1_15' title='bbox 1195 670 1339 748; x_wconf 78' lang='lat' dir='ltr'>Caesar</span> 
     </span>
     <span class='ocr_line' id='line_1_3' title="bbox 218 795 1339 898; baseline 0.005 -32"><span class='ocrx_word' id='word_1_16' title='bbox 218 814 285 868; x_wconf 88' lang='lat' dir='ltr'>suo</span> <span class='ocrx_word' id='word_1_17' title='bbox 304 803 469 894; x_wconf 90' lang='lat' dir='ltr'>tempore</span> <span class='ocrx_word' id='word_1_18' title='bbox 489 797 642 870; x_wconf 89' lang='lat' dir='ltr'>liberum</span> <span class='ocrx_word' id='word_1_19' title='bbox 662 796 886 893; x_wconf 79' lang='lat' dir='ltr'>procurabit,</span> <span class='ocrx_word' id='word_1_20' title='bbox 915 795 1114 894; x_wconf 90' lang='lat' dir='ltr'>ipsumque</span> <span class='ocrx_word' id='word_1_21' title='bbox 1131 797 1339 898; x_wconf 79' lang='lat' dir='ltr'>Principem</span> 
     </span>
     <span class='ocr_line' id='line_1_4' title="bbox 221 919 1338 1021; baseline 0.008 -28"><span class='ocrx_word' id='word_1_22' title='bbox 221 943 264 993; x_wconf 84' lang='lat' dir='ltr'>ac</span> <span class='ocrx_word' id='word_1_23' title='bbox 282 921 363 996; x_wconf 92' lang='lat' dir='ltr'>eins</span> <span class='ocrx_word' id='word_1_24' title='bbox 381 931 553 1019; x_wconf 88' lang='lat' dir='ltr'>posteros</span> <span class='ocrx_word' id='word_1_25' title='bbox 572 921 685 996; x_wconf 89' lang='lat' dir='ltr'>statui</span> <span class='ocrx_word' id='word_1_26' title='bbox 704 919 915 1018; x_wconf 78' lang='lat' dir='ltr'>Principum</span> <span class='ocrx_word' id='word_1_27' title='bbox 927 921 1089 1021; x_wconf 89' lang='lat' dir='ltr'>Imperii,</span> <span class='ocrx_word' id='word_1_28' title='bbox 1108 923 1188 999; x_wconf 91' lang='lat' dir='ltr'>sine</span> <span class='ocrx_word' id='word_1_29' title='bbox 1207 926 1338 1002; x_wconf 85' lang='lat' dir='ltr'>suffra·</span> 
     </span>
     <span class='ocr_line' id='line_1_5' title="bbox 219 1047 1338 1143; baseline 0.004 -22"><span class='ocrx_word' id='word_1_30' title='bbox 219 1047 280 1140; x_wconf 86' lang='lat' dir='ltr'>gio</span> <span class='ocrx_word' id='word_1_31' title='bbox 309 1055 432 1124; x_wconf 88' lang='lat' dir='ltr'>tamen</span> <span class='ocrx_word' id='word_1_32' title='bbox 459 1056 496 1124; x_wconf 90' lang='lat' dir='ltr'>et</span> <span class='ocrx_word' id='word_1_33' title='bbox 522 1047 699 1140; x_wconf 85' lang='lat' dir='ltr'>sessione,</span> <span class='ocrx_word' id='word_1_34' title='bbox 718 1047 951 1122; x_wconf 89' lang='lat' dir='ltr'>inserendum</span> <span class='ocrx_word' id='word_1_35' title='bbox 972 1049 1126 1124; x_wconf 80' lang='lat' dir='ltr'>curabit.</span> <span class='ocrx_word' id='word_1_36' title='bbox 1147 1049 1338 1143; x_wconf 82' lang='lat' dir='ltr'>Quaecun-</span> 
     </span>
     <span class='ocr_line' id='line_1_6' title="bbox 223 1165 1338 1276; baseline 0.007 -29"><span class='ocrx_word' id='word_1_37' title='bbox 223 1196 292 1270; x_wconf 92' lang='lat' dir='ltr'>que</span> <span class='ocrx_word' id='word_1_38' title='bbox 322 1196 430 1248; x_wconf 88' lang='lat' dir='ltr'>arces</span> <span class='ocrx_word' id='word_1_39' title='bbox 460 1197 504 1248; x_wconf 89' lang='lat' dir='ltr'>ac</span> <span class='ocrx_word' id='word_1_40' title='bbox 522 1174 633 1250; x_wconf 90' lang='lat' dir='ltr'>urbes</span> <span class='ocrx_word' id='word_1_41' title='bbox 652 1171 904 1247; x_wconf 88' lang='lat' dir='ltr'>oommnnibus</span> <span class='ocrx_word' id='word_1_42' title='bbox 915 1171 1057 1249; x_wconf 88' lang='lat' dir='ltr'>viribus</span> <span class='ocrx_word' id='word_1_43' title='bbox 1069 1165 1338 1276; x_wconf 89' lang='lat' dir='ltr'>recuperabun-</span> 
     </span>
     <span class='ocr_line' id='line_1_7' title="bbox 218 1296 1338 1405; baseline 0.008 -32"><span class='ocrx_word' id='word_1_44' title='bbox 218 1307 286 1390; x_wconf 90' lang='lat' dir='ltr'>tur,</span> <span class='ocrx_word' id='word_1_45' title='bbox 316 1298 484 1396; x_wconf 81' lang='lat' dir='ltr'>Regibus</span> <span class='ocrx_word' id='word_1_46' title='bbox 503 1297 693 1394; x_wconf 86' lang='lat' dir='ltr'>Vngariae</span> <span class='ocrx_word' id='word_1_47' title='bbox 733 1296 883 1372; x_wconf 88' lang='lat' dir='ltr'>cedent:</span> <span class='ocrx_word' id='word_1_48' title='bbox 923 1321 1017 1395; x_wconf 86' lang='lat' dir='ltr'>quae</span> <span class='ocrx_word' id='word_1_49' title='bbox 1053 1323 1142 1376; x_wconf 88' lang='lat' dir='ltr'>vero</span> <span class='ocrx_word' id='word_1_50' title='bbox 1177 1305 1338 1405; x_wconf 87' lang='lat' dir='ltr'>propriis</span> 
     </span>
     <span class='ocr_line' id='line_1_8' title="bbox 218 1423 1362 1531; baseline 0.006 -31"><span class='ocrx_word' id='word_1_51' title='bbox 218 1424 330 1500; x_wconf 88' lang='lat' dir='ltr'>armis</span> <span class='ocrx_word' id='word_1_52' title='bbox 349 1424 528 1524; x_wconf 81' lang='lat' dir='ltr'>Princeps</span> <span class='ocrx_word' id='word_1_53' title='bbox 557 1423 736 1512; x_wconf 78' lang='lat' dir='ltr'>Barbaria</span> <span class='ocrx_word' id='word_1_54' title='bbox 766 1423 968 1521; x_wconf 82' lang='lat' dir='ltr'>ademerit,</span> <span class='ocrx_word' id='word_1_55' title='bbox 1006 1425 1125 1525; x_wconf 89' lang='lat' dir='ltr'>ipsius</span> <span class='ocrx_word' id='word_1_56' title='bbox 1153 1429 1362 1531; x_wconf 90' lang='lat' dir='ltr'>Principis·</span> 
     </span>
     <span class='ocr_line' id='line_1_9' title="bbox 218 1550 1336 1654; baseline 0.007 -28"><span class='ocrx_word' id='word_1_57' title='bbox 218 1561 335 1642; x_wconf 88' lang='lat' dir='ltr'>erunt,</span> <span class='ocrx_word' id='word_1_58' title='bbox 356 1552 424 1628; x_wconf 88' lang='lat' dir='ltr'>sed</span> <span class='ocrx_word' id='word_1_59' title='bbox 444 1575 487 1627; x_wconf 92' lang='lat' dir='ltr'>eo</span> <span class='ocrx_word' id='word_1_60' title='bbox 507 1552 584 1627; x_wconf 93' lang='lat' dir='ltr'>iure</span> <span class='ocrx_word' id='word_1_61' title='bbox 603 1559 736 1639; x_wconf 89' lang='lat' dir='ltr'>tamen,</span> <span class='ocrx_word' id='word_1_62' title='bbox 765 1558 805 1624; x_wconf 94' lang='lat' dir='ltr'>ut</span> <span class='ocrx_word' id='word_1_63' title='bbox 834 1550 868 1624; x_wconf 91' lang='lat' dir='ltr'>si</span> <span class='ocrx_word' id='word_1_64' title='bbox 887 1551 936 1624; x_wconf 91' lang='lat' dir='ltr'>ad</span> <span class='ocrx_word' id='word_1_65' title='bbox 955 1573 1126 1630; x_wconf 87' lang='lat' dir='ltr'>coronam</span> <span class='ocrx_word' id='word_1_66' title='bbox 1149 1558 1336 1654; x_wconf 89' lang='lat' dir='ltr'>Vngariae</span> 
     </span>
     <span class='ocr_line' id='line_1_10' title="bbox 217 1657 1336 1782; baseline 0.009 -31"><span class='ocrx_word' id='word_1_67' title='bbox 217 1687 327 1753; x_wconf 87' lang='lat' dir='ltr'>antea</span> <span class='ocrx_word' id='word_1_68' title='bbox 346 1678 595 1775; x_wconf 87' lang='lat' dir='ltr'>pertinuerint,</span> <span class='ocrx_word' id='word_1_69' title='bbox 616 1698 662 1751; x_wconf 91' lang='lat' dir='ltr'>ea</span> <span class='ocrx_word' id='word_1_70' title='bbox 682 1674 851 1771; x_wconf 78' lang='lat' dir='ltr'>Regibus</span> <span class='ocrx_word' id='word_1_71' title='bbox 871 1657 1061 1772; x_wconf 84' lang='lat' dir='ltr'>Vngariae</span> <span class='ocrx_word' id='word_1_72' title='bbox 1081 1680 1262 1782; x_wconf 88' lang='lat' dir='ltr'>Princeps</span> <span class='ocrx_word' id='word_1_73' title='bbox 1281 1709 1336 1760; x_wconf 90' lang='lat' dir='ltr'>re·</span> 
     </span>
     <span class='ocr_line' id='line_1_11' title="bbox 218 1800 1337 1904; baseline 0.008 -26"><span class='ocrx_word' id='word_1_74' title='bbox 218 1804 370 1900; x_wconf 87' lang='lat' dir='ltr'>signare</span> <span class='ocrx_word' id='word_1_75' title='bbox 393 1812 570 1896; x_wconf 86' lang='lat' dir='ltr'>teneatur,</span> <span class='ocrx_word' id='word_1_76' title='bbox 608 1803 716 1878; x_wconf 86' lang='lat' dir='ltr'>simul</span> <span class='ocrx_word' id='word_1_77' title='bbox 753 1809 864 1900; x_wconf 91' lang='lat' dir='ltr'>atque</span> <span class='ocrx_word' id='word_1_78' title='bbox 906 1800 992 1877; x_wconf 92' lang='lat' dir='ltr'>aliis</span> <span class='ocrx_word' id='word_1_79' title='bbox 1019 1808 1337 1904; x_wconf 81' lang='lat' dir='ltr'>aequivalentibus</span> 
     </span>
     <span class='ocr_line' id='line_1_12' title="bbox 220 1927 1330 2030; baseline 0.005 -25"><span class='ocrx_word' id='word_1_80' title='bbox 220 1931 327 2006; x_wconf 91' lang='lat' dir='ltr'>bonis</span> <span class='ocrx_word' id='word_1_81' title='bbox 346 1940 611 2030; x_wconf 87' lang='lat' dir='ltr'>compensetur.</span> <span class='ocrx_word' id='word_1_82' title='bbox 631 1929 830 2004; x_wconf 91' lang='lat' dir='ltr'>Pollicetur</span> <span class='ocrx_word' id='word_1_83' title='bbox 850 1929 961 2004; x_wconf 91' lang='lat' dir='ltr'>etiam</span> <span class='ocrx_word' id='word_1_84' title='bbox 971 1927 1112 2008; x_wconf 79' lang='lat' dir='ltr'>Caesar</span> <span class='ocrx_word' id='word_1_85' title='bbox 1132 1957 1173 2010; x_wconf 89' lang='lat' dir='ltr'>se</span> <span class='ocrx_word' id='word_1_86' title='bbox 1191 1935 1330 2013; x_wconf 89' lang='lat' dir='ltr'>Princi-</span> 
     </span>
     <span class='ocr_line' id='line_1_13' title="bbox 217 2055 1332 2153; baseline 0.008 -23"><span class='ocrx_word' id='word_1_87' title='bbox 217 2079 300 2153; x_wconf 92' lang='lat' dir='ltr'>pem</span> <span class='ocrx_word' id='word_1_88' title='bbox 328 2057 367 2133; x_wconf 89' lang='lat' dir='ltr'>iu</span> <span class='ocrx_word' id='word_1_89' title='bbox 394 2056 599 2132; x_wconf 88' lang='lat' dir='ltr'>muniendis</span> <span class='ocrx_word' id='word_1_90' title='bbox 627 2055 851 2130; x_wconf 88' lang='lat' dir='ltr'>necessariis</span> <span class='ocrx_word' id='word_1_91' title='bbox 880 2064 1009 2132; x_wconf 90' lang='lat' dir='ltr'>contra</span> <span class='ocrx_word' id='word_1_92' title='bbox 1028 2057 1219 2137; x_wconf 89' lang='lat' dir='ltr'>Barbaros</span> <span class='ocrx_word' id='word_1_93' title='bbox 1240 2064 1332 2139; x_wconf 92' lang='lat' dir='ltr'>locis</span> 
     </span>
     <span class='ocr_line' id='line_1_14' title="bbox 217 2181 1334 2278; baseline 0.007 -24"><span class='ocrx_word' id='word_1_94' title='bbox 217 2181 421 2258; x_wconf 87' lang='lat' dir='ltr'>liberaliter</span> <span class='ocrx_word' id='word_1_95' title='bbox 440 2184 645 2259; x_wconf 91' lang='lat' dir='ltr'>adiuturum</span> <span class='ocrx_word' id='word_1_96' title='bbox 665 2203 769 2276; x_wconf 88' lang='lat' dir='ltr'>esse;</span> <span class='ocrx_word' id='word_1_97' title='bbox 790 2190 827 2256; x_wconf 89' lang='lat' dir='ltr'>ct</span> <span class='ocrx_word' id='word_1_98' title='bbox 846 2182 1016 2278; x_wconf 89' lang='lat' dir='ltr'>quoniam</span> <span class='ocrx_word' id='word_1_99' title='bbox 1035 2184 1136 2259; x_wconf 89' lang='lat' dir='ltr'>dubii</span> <span class='ocrx_word' id='word_1_100' title='bbox 1155 2196 1240 2263; x_wconf 86' lang='lat' dir='ltr'>sunt</span> <span class='ocrx_word' id='word_1_101' title='bbox 1259 2190 1334 2264; x_wconf 91' lang='lat' dir='ltr'>bel·</span> 
     </span>
     <span class='ocr_line' id='line_1_15' title="bbox 217 2304 1336 2408; baseline 0.008 -26"><span class='ocrx_word' id='word_1_102' title='bbox 217 2309 332 2383; x_wconf 90' lang='lat' dir='ltr'>lorum</span> <span class='ocrx_word' id='word_1_103' title='bbox 353 2309 485 2402; x_wconf 87' lang='lat' dir='ltr'>exitus,</span> <span class='ocrx_word' id='word_1_104' title='bbox 505 2311 538 2385; x_wconf 91' lang='lat' dir='ltr'>si</span> <span class='ocrx_word' id='word_1_105' title='bbox 556 2311 652 2384; x_wconf 88' lang='lat' dir='ltr'>forte</span> <span class='ocrx_word' id='word_1_106' title='bbox 673 2304 784 2404; x_wconf 84' lang='lat' dir='ltr'>(quod</span> <span class='ocrx_word' id='word_1_107' title='bbox 803 2330 909 2383; x_wconf 91' lang='lat' dir='ltr'>omen</span> <span class='ocrx_word' id='word_1_108' title='bbox 928 2310 1109 2408; x_wconf 89' lang='lat' dir='ltr'>propitius</span> <span class='ocrx_word' id='word_1_109' title='bbox 1119 2313 1223 2388; x_wconf 87' lang='lat' dir='ltr'>Deus</span> <span class='ocrx_word' id='word_1_110' title='bbox 1232 2339 1336 2390; x_wconf 88' lang='lat' dir='ltr'>aver·</span> 
     </span>
     <span class='ocr_line' id='line_1_16' title="bbox 217 2430 1333 2534; baseline 0.009 -27"><span class='ocrx_word' id='word_1_111' title='bbox 217 2430 283 2530; x_wconf 87' lang='lat' dir='ltr'>tat)</span> <span class='ocrx_word' id='word_1_112' title='bbox 304 2458 350 2509; x_wconf 88' lang='lat' dir='ltr'>ea</span> <span class='ocrx_word' id='word_1_113' title='bbox 369 2435 575 2511; x_wconf 87' lang='lat' dir='ltr'>necessitas</span> <span class='ocrx_word' id='word_1_114' title='bbox 604 2433 765 2533; x_wconf 92' lang='lat' dir='ltr'>Principi</span> <span class='ocrx_word' id='word_1_115' title='bbox 796 2432 1031 2531; x_wconf 85' lang='lat' dir='ltr'>Sigismundo</span> <span class='ocrx_word' id='word_1_116' title='bbox 1065 2437 1265 2534; x_wconf 87' lang='lat' dir='ltr'>ingrueret,</span> <span class='ocrx_word' id='word_1_117' title='bbox 1293 2449 1333 2517; x_wconf 92' lang='lat' dir='ltr'>nt</span> 
     </span>
     <span class='ocr_line' id='line_1_17' title="bbox 218 2559 1334 2666; baseline 0.009 -34"><span class='ocrx_word' id='word_1_118' title='bbox 218 2560 358 2636; x_wconf 82' lang='lat' dir='ltr'>viribus</span> <span class='ocrx_word' id='word_1_119' title='bbox 378 2563 580 2638; x_wconf 85' lang='lat' dir='ltr'>exhaustus</span> <span class='ocrx_word' id='word_1_120' title='bbox 608 2560 704 2636; x_wconf 88' lang='lat' dir='ltr'>tueri</span> <span class='ocrx_word' id='word_1_121' title='bbox 732 2559 888 2656; x_wconf 88' lang='lat' dir='ltr'>amplius</span> <span class='ocrx_word' id='word_1_122' title='bbox 907 2562 1135 2657; x_wconf 90' lang='lat' dir='ltr'>provinciam</span> <span class='ocrx_word' id='word_1_123' title='bbox 1159 2589 1232 2640; x_wconf 91' lang='lat' dir='ltr'>non</span> <span class='ocrx_word' id='word_1_124' title='bbox 1250 2590 1334 2666; x_wconf 92' lang='lat' dir='ltr'>pos-</span> 
     </span>
     <span class='ocr_line' id='line_1_18' title="bbox 219 2686 1334 2789; baseline 0.009 -29"><span class='ocrx_word' id='word_1_125' title='bbox 219 2695 284 2781; x_wconf 87' lang='lat' dir='ltr'>set,</span> <span class='ocrx_word' id='word_1_126' title='bbox 305 2689 373 2764; x_wconf 89' lang='lat' dir='ltr'>sed</span> <span class='ocrx_word' id='word_1_127' title='bbox 392 2687 704 2765; x_wconf 88' lang='lat' dir='ltr'>invalescentibus</span> <span class='ocrx_word' id='word_1_128' title='bbox 724 2686 905 2761; x_wconf 87' lang='lat' dir='ltr'>Barbaris</span> <span class='ocrx_word' id='word_1_129' title='bbox 925 2689 1105 2766; x_wconf 87' lang='lat' dir='ltr'>excedere</span> <span class='ocrx_word' id='word_1_130' title='bbox 1123 2702 1334 2789; x_wconf 84' lang='lat' dir='ltr'>cogeretur,</span> 
     </span>
     <span class='ocr_line' id='line_1_19' title="bbox 217 2809 1332 2914; baseline 0.01 -29"><span class='ocrx_word' id='word_1_131' title='bbox 217 2813 252 2886; x_wconf 94' lang='lat' dir='ltr'>in</span> <span class='ocrx_word' id='word_1_132' title='bbox 280 2815 352 2891; x_wconf 92' lang='lat' dir='ltr'>hoc</span> <span class='ocrx_word' id='word_1_133' title='bbox 370 2825 534 2892; x_wconf 88' lang='lat' dir='ltr'>extremo</span> <span class='ocrx_word' id='word_1_134' title='bbox 553 2815 669 2913; x_wconf 89' lang='lat' dir='ltr'>ipsius</span> <span class='ocrx_word' id='word_1_135' title='bbox 685 2834 785 2904; x_wconf 88' lang='lat' dir='ltr'>casu,</span> <span class='ocrx_word' id='word_1_136' title='bbox 804 2809 948 2888; x_wconf 82' lang='lat' dir='ltr'>ansar</span> <span class='ocrx_word' id='word_1_137' title='bbox 972 2815 1124 2914; x_wconf 90' lang='lat' dir='ltr'>eiusque</span> <span class='ocrx_word' id='word_1_138' title='bbox 1143 2841 1332 2896; x_wconf 88' lang='lat' dir='ltr'>successo-</span> 
     </span>
     <span class='ocr_line' id='line_1_20' title="bbox 217 2941 1333 3046; baseline 0.009 -32"><span class='ocrx_word' id='word_1_139' title='bbox 217 2965 277 3018; x_wconf 90' lang='lat' dir='ltr'>res</span> <span class='ocrx_word' id='word_1_140' title='bbox 297 2951 437 3020; x_wconf 91' lang='lat' dir='ltr'>certum</span> <span class='ocrx_word' id='word_1_141' title='bbox 461 2945 498 3019; x_wconf 89' lang='lat' dir='ltr'>iu</span> <span class='ocrx_word' id='word_1_142' title='bbox 527 2943 612 3019; x_wconf 88' lang='lat' dir='ltr'>aliis</span> <span class='ocrx_word' id='word_1_143' title='bbox 640 2941 719 3017; x_wconf 91' lang='lat' dir='ltr'>suis</span> <span class='ocrx_word' id='word_1_144' title='bbox 751 2941 951 3018; x_wconf 90' lang='lat' dir='ltr'>ditionibus</span> <span class='ocrx_word' id='word_1_145' title='bbox 971 2941 1101 3037; x_wconf 91' lang='lat' dir='ltr'>locum,</span> <span class='ocrx_word' id='word_1_146' title='bbox 1124 2955 1333 3046; x_wconf 88' lang='lat' dir='ltr'>certumque</span> 
     </span>
     <span class='ocr_line' id='line_1_21' title="bbox 219 3065 1333 3172; baseline 0.004 -28"><span class='ocrx_word' id='word_1_147' title='bbox 219 3080 432 3167; x_wconf 81' lang='lat' dir='ltr'>proventum</span> <span class='ocrx_word' id='word_1_148' title='bbox 451 3071 646 3166; x_wconf 88' lang='lat' dir='ltr'>assignare</span> <span class='ocrx_word' id='word_1_149' title='bbox 665 3065 859 3160; x_wconf 82' lang='lat' dir='ltr'>tenebitur,</span> <span class='ocrx_word' id='word_1_150' title='bbox 880 3069 1075 3164; x_wconf 88' lang='lat' dir='ltr'>quovitam</span> <span class='ocrx_word' id='word_1_151' title='bbox 1092 3095 1161 3170; x_wconf 92' lang='lat' dir='ltr'>pro</span> <span class='ocrx_word' id='word_1_152' title='bbox 1180 3069 1333 3172; x_wconf 76' lang='lat' dir='ltr'>(digni-l</span> 
     </span>
     <span class='ocr_line' id='line_1_22' title="bbox 218 3195 1333 3296; baseline 0.004 -24"><span class='ocrx_word' id='word_1_153' title='bbox 218 3205 291 3272; x_wconf 86' lang='lat' dir='ltr'>tate</span> <span class='ocrx_word' id='word_1_154' title='bbox 329 3197 450 3296; x_wconf 87' lang='lat' dir='ltr'>possit</span> <span class='ocrx_word' id='word_1_155' title='bbox 480 3196 633 3272; x_wconf 89' lang='lat' dir='ltr'>honeste</span> <span class='ocrx_word' id='word_1_156' title='bbox 662 3199 882 3270; x_wconf 87' lang='lat' dir='ltr'>sustentare.</span> <span class='ocrx_word' id='word_1_157' title='bbox 914 3195 959 3268; x_wconf 90' lang='lat' dir='ltr'>Id</span> <span class='ocrx_word' id='word_1_158' title='bbox 984 3217 1073 3270; x_wconf 91' lang='lat' dir='ltr'>vero</span> <span class='ocrx_word' id='word_1_159' title='bbox 1092 3219 1134 3272; x_wconf 90' lang='lat' dir='ltr'>se</span> <span class='ocrx_word' id='word_1_160' title='bbox 1151 3198 1333 3276; x_wconf 85' lang='lat' dir='ltr'>facturum</span> 
     </span>
     <span class='ocr_line' id='line_1_23' title="bbox 219 3319 1333 3423; baseline 0.005 -27"><span class='ocrx_word' id='word_1_161' title='bbox 219 3319 359 3400; x_wconf 82' lang='lat' dir='ltr'>Caesar</span> <span class='ocrx_word' id='word_1_162' title='bbox 386 3323 565 3423; x_wconf 90' lang='lat' dir='ltr'>promittit</span> <span class='ocrx_word' id='word_1_163' title='bbox 585 3324 684 3398; x_wconf 88' lang='lat' dir='ltr'>intra</span> <span class='ocrx_word' id='word_1_164' title='bbox 711 3322 849 3398; x_wconf 90' lang='lat' dir='ltr'>mensis</span> <span class='ocrx_word' id='word_1_165' title='bbox 868 3322 1028 3420; x_wconf 86' lang='lat' dir='ltr'>spatium</span> <span class='ocrx_word' id='word_1_166' title='bbox 1046 3347 1088 3398; x_wconf 92' lang='lat' dir='ltr'>re</span> <span class='ocrx_word' id='word_1_167' title='bbox 1106 3347 1188 3399; x_wconf 91' lang='lat' dir='ltr'>cum</span> <span class='ocrx_word' id='word_1_168' title='bbox 1207 3325 1265 3419; x_wconf 93' lang='lat' dir='ltr'>iis,</span> <span class='ocrx_word' id='word_1_169' title='bbox 1284 3327 1333 3402; x_wconf 92' lang='lat' dir='ltr'>ad</span> 
     </span>
     <span class='ocr_line' id='line_1_24' title="bbox 219 3448 1332 3550; baseline 0.002 -24"><span class='ocrx_word' id='word_1_170' title='bbox 219 3473 307 3550; x_wconf 91' lang='lat' dir='ltr'>quos</span> <span class='ocrx_word' id='word_1_171' title='bbox 325 3451 392 3526; x_wconf 90' lang='lat' dir='ltr'>illa</span> <span class='ocrx_word' id='word_1_172' title='bbox 411 3451 632 3526; x_wconf 88' lang='lat' dir='ltr'>consultatio</span> <span class='ocrx_word' id='word_1_173' title='bbox 651 3450 822 3548; x_wconf 83' lang='lat' dir='ltr'>pertinet,</span> <span class='ocrx_word' id='word_1_174' title='bbox 842 3449 1118 3526; x_wconf 88' lang='lat' dir='ltr'>communicata.</span> <span class='ocrx_word' id='word_1_175' title='bbox 1155 3448 1332 3529; x_wconf 86' lang='lat' dir='ltr'>Similiter</span> 
     </span>
     <span class='ocr_line' id='line_1_25' title="bbox 219 3577 1330 3677; baseline 0.005 -25"><span class='ocrx_word' id='word_1_176' title='bbox 219 3579 370 3656; x_wconf 90' lang='lat' dir='ltr'>aliorum</span> <span class='ocrx_word' id='word_1_177' title='bbox 399 3601 542 3677; x_wconf 90' lang='lat' dir='ltr'>quoque</span> <span class='ocrx_word' id='word_1_178' title='bbox 565 3577 846 3676; x_wconf 89' lang='lat' dir='ltr'>praecipuorum</span> <span class='ocrx_word' id='word_1_179' title='bbox 877 3599 924 3651; x_wconf 83' lang='lat' dir='ltr'>cx</span> <span class='ocrx_word' id='word_1_180' title='bbox 947 3577 1108 3676; x_wconf 90' lang='lat' dir='ltr'>primore</span> <span class='ocrx_word' id='word_1_181' title='bbox 1136 3579 1330 3656; x_wconf 89' lang='lat' dir='ltr'>nobilitate</span> 
     </span>
     <span class='ocr_line' id='line_1_26' title="bbox 223 3703 1330 3801; baseline 0.003 -23"><span class='ocrx_word' id='word_1_182' title='bbox 223 3707 388 3794; x_wconf 88' lang='lat' dir='ltr'>virorum,</span> <span class='ocrx_word' id='word_1_183' title='bbox 410 3705 472 3801; x_wconf 92' lang='lat' dir='ltr'>qui</span> <span class='ocrx_word' id='word_1_184' title='bbox 492 3705 659 3780; x_wconf 84' lang='lat' dir='ltr'>fortunae</span> <span class='ocrx_word' id='word_1_185' title='bbox 681 3703 860 3780; x_wconf 87' lang='lat' dir='ltr'>varietate</span> <span class='ocrx_word' id='word_1_186' title='bbox 882 3725 986 3778; x_wconf 90' lang='lat' dir='ltr'>suam</span> <span class='ocrx_word' id='word_1_187' title='bbox 1007 3727 1087 3779; x_wconf 92' lang='lat' dir='ltr'>cum</span> <span class='ocrx_word' id='word_1_188' title='bbox 1098 3706 1218 3782; x_wconf 91' lang='lat' dir='ltr'>salute</span> <span class='ocrx_word' id='word_1_189' title='bbox 1227 3705 1330 3781; x_wconf 90' lang='lat' dir='ltr'>Prin-</span> 
     </span>
     <span class='ocr_line' id='line_1_27' title="bbox 220 3811 1330 3931; baseline -0.001 -23"><span class='ocrx_word' id='word_1_190' title='bbox 220 3833 309 3931; x_wconf 89' lang='lat' dir='ltr'>cipis</span> <span class='ocrx_word' id='word_1_191' title='bbox 337 3832 395 3908; x_wconf 84' lang='lat' dir='ltr'>sui</span> <span class='ocrx_word' id='word_1_192' title='bbox 424 3832 721 3908; x_wconf 87' lang='lat' dir='ltr'>communicatam</span> <span class='ocrx_word' id='word_1_193' title='bbox 751 3828 957 3906; x_wconf 79' lang='lat' dir='ltr'>Christiani</span> <span class='ocrx_word' id='word_1_194' title='bbox 983 3811 1140 3905; x_wconf 66' lang='lat' dir='ltr'>miminis</span> <span class='ocrx_word' id='word_1_195' title='bbox 1159 3854 1275 3907; x_wconf 88' lang='lat' dir='ltr'>causa</span> <span class='ocrx_word' id='word_1_196' title='bbox 1293 3832 1330 3907; x_wconf 94' lang='lat' dir='ltr'>in</span> 
     </span>
     <span class='ocr_line' id='line_1_28' title="bbox 218 3953 1329 4056; baseline -0.001 -22"><span class='ocrx_word' id='word_1_197' title='bbox 218 3959 410 4035; x_wconf 86' lang='lat' dir='ltr'>discrimen</span> <span class='ocrx_word' id='word_1_198' title='bbox 430 3958 658 4050; x_wconf 86' lang='lat' dir='ltr'>adduxerint,</span> <span class='ocrx_word' id='word_1_199' title='bbox 678 3980 758 4032; x_wconf 87' lang='lat' dir='ltr'>eam</span> <span class='ocrx_word' id='word_1_200' title='bbox 779 3953 1000 4056; x_wconf 83' lang='lat' dir='ltr'>ansarpro</span> <span class='ocrx_word' id='word_1_201' title='bbox 1013 3977 1081 4030; x_wconf 92' lang='lat' dir='ltr'>sua</span> <span class='ocrx_word' id='word_1_202' title='bbox 1104 3956 1329 4033; x_wconf 88' lang='lat' dir='ltr'>liberalitate</span> 
     </span>
     <span class='ocr_line' id='line_1_29' title="bbox 217 4081 1330 4182; baseline -0.001 -22"><span class='ocrx_word' id='word_1_203' title='bbox 217 4087 389 4163; x_wconf 85' lang='lat' dir='ltr'>rationem</span> <span class='ocrx_word' id='word_1_204' title='bbox 411 4085 571 4166; x_wconf 77' lang='lat' dir='ltr'>habebit.</span> <span class='ocrx_word' id='word_1_205' title='bbox 588 4092 628 4159; x_wconf 93' lang='lat' dir='ltr'>ut</span> <span class='ocrx_word' id='word_1_206' title='bbox 646 4090 814 4182; x_wconf 89' lang='lat' dir='ltr'>paratum</span> <span class='ocrx_word' id='word_1_207' title='bbox 832 4084 869 4157; x_wconf 92' lang='lat' dir='ltr'>in</span> <span class='ocrx_word' id='word_1_208' title='bbox 890 4081 1089 4158; x_wconf 91' lang='lat' dir='ltr'>ditionibus</span> <span class='ocrx_word' id='word_1_209' title='bbox 1099 4082 1188 4174; x_wconf 91' lang='lat' dir='ltr'>suis,</span> <span class='ocrx_word' id='word_1_210' title='bbox 1199 4084 1233 4159; x_wconf 91' lang='lat' dir='ltr'>si</span> <span class='ocrx_word' id='word_1_211' title='bbox 1244 4084 1330 4182; x_wconf 92' lang='lat' dir='ltr'>qnid</span> 
     </span>
     <span class='ocr_line' id='line_1_30' title="bbox 216 4209 1329 4311; baseline -0.002 -23"><span class='ocrx_word' id='word_1_212' title='bbox 216 4212 268 4288; x_wconf 88' lang='lat' dir='ltr'>cis</span> <span class='ocrx_word' id='word_1_213' title='bbox 285 4212 435 4290; x_wconf 89' lang='lat' dir='ltr'>adversi</span> <span class='ocrx_word' id='word_1_214' title='bbox 453 4212 606 4303; x_wconf 88' lang='lat' dir='ltr'>accidat,</span> <span class='ocrx_word' id='word_1_215' title='bbox 618 4211 825 4311; x_wconf 81' lang='lat' dir='ltr'>perfugium</span> <span class='ocrx_word' id='word_1_216' title='bbox 845 4218 882 4286; x_wconf 92' lang='lat' dir='ltr'>et</span> <span class='ocrx_word' id='word_1_217' title='bbox 902 4209 1092 4285; x_wconf 85' lang='lat' dir='ltr'>honestam</span> <span class='ocrx_word' id='word_1_218' title='bbox 1104 4210 1329 4287; x_wconf 87' lang='lat' dir='ltr'>sublevatio·</span> 
     </span>
     <span class='ocr_line' id='line_1_31' title="bbox 216 4338 1331 4440; baseline 0.001 -26"><span class='ocrx_word' id='word_1_219' title='bbox 216 4365 294 4416; x_wconf 88' lang='lat' dir='ltr'>nem</span> <span class='ocrx_word' id='word_1_220' title='bbox 313 4344 361 4418; x_wconf 89' lang='lat' dir='ltr'>ab</span> <span class='ocrx_word' id='word_1_221' title='bbox 381 4363 425 4417; x_wconf 93' lang='lat' dir='ltr'>eo</span> <span class='ocrx_word' id='word_1_222' title='bbox 444 4340 675 4440; x_wconf 89' lang='lat' dir='ltr'>impetraturi</span> <span class='ocrx_word' id='word_1_223' title='bbox 692 4340 777 4414; x_wconf 88' lang='lat' dir='ltr'>sint.</span> <span class='ocrx_word' id='word_1_224' title='bbox 798 4339 882 4414; x_wconf 89' lang='lat' dir='ltr'>Has</span> <span class='ocrx_word' id='word_1_225' title='bbox 902 4338 1129 4413; x_wconf 89' lang='lat' dir='ltr'>conditiones</span> <span class='ocrx_word' id='word_1_226' title='bbox 1138 4360 1276 4432; x_wconf 89' lang='lat' dir='ltr'>omnes,</span> <span class='ocrx_word' id='word_1_227' title='bbox 1294 4348 1331 4415; x_wconf 88' lang='lat' dir='ltr'>et</span> 
     </span>
     <span class='ocr_line' id='line_1_32' title="bbox 217 4463 1327 4564; baseline 0 -24"><span class='ocrx_word' id='word_1_228' title='bbox 217 4467 453 4545; x_wconf 89' lang='lat' dir='ltr'>instrumento</span> <span class='ocrx_word' id='word_1_229' title='bbox 472 4467 614 4544; x_wconf 87' lang='lat' dir='ltr'>solenni</span> <span class='ocrx_word' id='word_1_230' title='bbox 633 4473 671 4542; x_wconf 87' lang='lat' dir='ltr'>et</span> <span class='ocrx_word' id='word_1_231' title='bbox 698 4466 900 4541; x_wconf 87' lang='lat' dir='ltr'>iuramento</span> <span class='ocrx_word' id='word_1_232' title='bbox 919 4465 1098 4563; x_wconf 90' lang='lat' dir='ltr'>Princeps</span> <span class='ocrx_word' id='word_1_233' title='bbox 1126 4473 1236 4564; x_wconf 89' lang='lat' dir='ltr'>atque</span> <span class='ocrx_word' id='word_1_234' title='bbox 1257 4463 1327 4542; x_wconf 93' lang='lat' dir='ltr'>Or-</span> 
     </span>
     <span class='ocr_line' id='line_1_33' title="bbox 218 4588 1328 4694; baseline -0.003 -24"><span class='ocrx_word' id='word_1_235' title='bbox 218 4596 318 4672; x_wconf 91' lang='lat' dir='ltr'>dines</span> <span class='ocrx_word' id='word_1_236' title='bbox 338 4595 650 4694; x_wconf 87' lang='lat' dir='ltr'>Transylvaniae,</span> <span class='ocrx_word' id='word_1_237' title='bbox 667 4593 748 4690; x_wconf 88' lang='lat' dir='ltr'>ipse</span> <span class='ocrx_word' id='word_1_238' title='bbox 768 4613 855 4666; x_wconf 92' lang='lat' dir='ltr'>vero</span> <span class='ocrx_word' id='word_1_239' title='bbox 876 4588 1020 4666; x_wconf 77' lang='lat' dir='ltr'>Caesar</span> <span class='ocrx_word' id='word_1_240' title='bbox 1042 4591 1139 4666; x_wconf 92' lang='lat' dir='ltr'>bona</span> <span class='ocrx_word' id='word_1_241' title='bbox 1157 4614 1228 4667; x_wconf 89' lang='lat' dir='ltr'>sua</span> <span class='ocrx_word' id='word_1_242' title='bbox 1245 4591 1328 4684; x_wconf 86' lang='lat' dir='ltr'>fide,</span> 
     </span>
    </p>
   </div>
   <div class='ocr_carea' id='block_1_3' title="bbox 221 4718 1329 4922">
    <p class='ocr_par' dir='ltr' id='par_1_3' title="bbox 221 4718 1329 4922">
     <span class='ocr_line' id='line_1_34' title="bbox 221 4718 1329 4818; baseline -0.004 -22"><span class='ocrx_word' id='word_1_243' title='bbox 221 4745 261 4796; x_wconf 88' lang='lat' dir='ltr'>ac</span> <span class='ocrx_word' id='word_1_244' title='bbox 279 4747 378 4816; x_wconf 84' lang='lat' dir='ltr'>vera,</span> <span class='ocrx_word' id='word_1_245' title='bbox 399 4719 799 4816; x_wconf 84' lang='lat' dir='ltr'>Caesarea,chiaque</span> <span class='ocrx_word' id='word_1_246' title='bbox 819 4741 908 4792; x_wconf 89' lang='lat' dir='ltr'>suae</span> <span class='ocrx_word' id='word_1_247' title='bbox 919 4738 1047 4792; x_wconf 90' lang='lat' dir='ltr'>manus</span> <span class='ocrx_word' id='word_1_248' title='bbox 1058 4718 1329 4818; x_wconf 91' lang='lat' dir='ltr'>subscriptione</span> 
     </span>
     <span class='ocr_line' id='line_1_35' title="bbox 245 4855 1213 4922; baseline -0.011 -22"><span class='ocrx_word' id='word_1_249' title='bbox 245 4861 347 4900; x_wconf 70' lang='lat' dir='ltr'>llos&#39;vu</span> <span class='ocrx_word' id='word_1_250' title='bbox 370 4859 453 4900; x_wconf 75' lang='lat' dir='ltr'>flt&#39;rto</span> <span class='ocrx_word' id='word_1_251' title='bbox 476 4859 551 4900; x_wconf 73' lang='lat' dir='ltr'>uts&#39;r.</span> <span class='ocrx_word' id='word_1_252' title='bbox 567 4879 590 4887; x_wconf 91' lang='lat'>—</span> <span class='ocrx_word' id='word_1_253' title='bbox 607 4857 793 4898; x_wconf 53' lang='lat' dir='ltr'>scelerosus.</span> <span class='ocrx_word' id='word_1_254' title='bbox 809 4855 870 4895; x_wconf 79' lang='lat' dir='ltr'>xvll</span> <span class='ocrx_word' id='word_1_255' title='bbox 1175 4860 1213 4922; x_wconf 77' lang='lat' dir='ltr'>ll</span> 
     </span>
    </p>
   </div>
   <div class='ocr_carea' id='block_1_4' title="bbox 0 0 1818 5534">
    <p class='ocr_par' dir='ltr' id='par_1_4' title="bbox 0 0 1818 5534">
     <span class='ocr_line' id='line_1_36' title="bbox 0 0 1818 5534; baseline 0 1"><span class='ocrx_word' id='word_1_256' title='bbox 0 0 1818 5534; x_wconf 95' lang='lat' dir='ltr'> </span> 
     </span>
    </p>
   </div>
  </div>
 </body>
</html>
