3625 5534
488 539 536 588 ns
555 537 633 589 nas.
653 537 737 588 vus.
760 536 840 586 nuc.
862 535 896 586 x.
916 535 949 585 n.
968 535 1030 587 vn.
1245 503 1321 581 169

202 739 287 789 nam
308 736 444 802 eorum,
465 714 527 810 qui
546 736 592 787 ex
610 711 844 810 praescripto
864 710 981 808 Legis
999 710 1117 785 Iuliae
1136 709 1173 782 in
1205 705 1323 780 mani·

200 843 334 916 festum
372 841 499 914 laesae
518 837 728 914 Maiestatis
757 837 892 912 crimen
922 837 1182 926 incurrissent,
1227 832 1324 908 omni

202 992 248 1042 ex
268 974 376 1066 parte
395 972 524 1058 ratam,
543 965 759 1062 firmamque
777 963 929 1056 babere,
948 971 987 1039 et
995 961 1247 1039 communibus
1257 982 1322 1033 vo-

201 1095 252 1168 tis
279 1115 325 1167 ac
351 1092 506 1190 paribus
535 1091 691 1167 omnium
711 1089 900 1187 suffragiis
922 1111 988 1164 eos
1015 1087 1148 1186 partim
1167 1085 1322 1161 fraterni

204 1219 418 1316 sanguinis,
447 1218 580 1316 partim
609 1217 721 1292 totius
750 1213 954 1292 Christiani
984 1215 1087 1291 orbis
1114 1212 1322 1313 proditores

201 1347 457 1445 pronunciare.
474 1345 596 1441 Atque
606 1343 676 1418 hoc
687 1367 728 1420 se
739 1368 811 1420 non
821 1350 962 1418 temere
972 1339 1323 1418 crudeliterveface·

205 1496 255 1562 re,
266 1472 335 1547 sed
349 1471 585 1549 bocmaxime
596 1470 759 1560 consilio,
770 1470 877 1546 uthis
888 1468 1109 1546 turbulentis
1128 1464 1322 1566 (tempori-

207 1593 291 1694 bus)
321 1599 490 1696 exemplo
519 1598 695 1686 deterriti,
724 1605 799 1672 tam
818 1595 973 1672 nefariis
992 1592 1323 1671 machinationibus

204 1747 288 1800 sese
304 1725 425 1822 magis
436 1725 671 1823 imposterum
683 1725 903 1799 abstineant.
925 1722 1101 1815 Quamvis
1112 1728 1233 1796 autem
1244 1717 1319 1792 An·

202 1851 311 1926 dress
322 1845 1319 1949 BatboriusCardinaliscotempore,quohaeoaccide·

200 1977 337 2071 rantib
348 1977 486 2052 ditione
497 1976 796 2076 Transylvanioa
805 2001 879 2054 non
889 1977 1010 2071 luerit,
1021 1984 1144 2051 tamen
1157 1997 1319 2072 comper·

200 2112 272 2178 tum
302 2127 388 2181 esse
415 2106 534 2203 ipsum
571 2128 716 2201 quoquc
754 2105 905 2181 oblitum
942 2127 1034 2180 suae
1071 2100 1318 2199 obligationis,

202 2230 466 2328 multorumque
502 2229 686 2328 Principis
732 2231 1002 2322 beneficiorum,
1048 2228 1317 2304 coniuratorum

202 2357 354 2435 consilia
382 2383 455 2434 non
475 2358 591 2435 solum
611 2357 852 2450 intellexisse,
883 2356 1080 2433 sedetiam
1108 2353 1317 2452 suggestio-

202 2487 317 2578 nibus,
355 2508 400 2560 ac
436 2486 712 2583 quibuscunque
732 2485 893 2584 potuerit
921 2484 1037 2560 modis
1073 2480 1316 2582 promovisse.

204 2613 293 2686 Eum
315 2611 424 2686 etiam
450 2611 510 2686 bis
538 2635 610 2686 nou
639 2619 858 2705 contentum,
886 2609 1071 2709 Principis
1100 2608 1316 2705 dignitatem

201 2762 268 2814 non
288 2740 407 2814 solum
428 2736 465 2812 in
485 2738 648 2814 externis
668 2737 806 2834 regnis,
835 2760 958 2813 coram
985 2735 1111 2811 multis
1138 2733 1317 2833 Principi-

200 2865 266 2940 bus
302 2863 462 2961 aliisque
490 2864 699 2964 praecipuis
728 2865 819 2940 viris
847 2865 935 2939 viva
965 2886 1057 2939 voce
1091 2862 1315 2952 diffamasse,

201 2991 264 3067 sed
282 2992 404 3085 etiam,
423 2991 485 3068 ubi
513 2991 549 3066 id
570 3015 694 3067 coram
722 2998 917 3090 praestare
946 2989 1162 3087 nequiverit,
1192 2986 1316 3063 varios

201 3140 335 3214 eosque
362 3118 539 3216 plurimos
567 3117 730 3194 famosos
758 3118 906 3193 libellos
934 3118 1007 3192 buc
1025 3116 1114 3191 illuc
1132 3118 1172 3190 in
1189 3112 1315 3189 varias

201 3243 297 3318 orbis
311 3249 439 3341 partes
459 3242 742 3333 disseminando,
753 3242 849 3318 omni
869 3248 1002 3319 conatu
1019 3242 1057 3317 in
1076 3241 1114 3315 id
1131 3241 1314 3317 incubuis-

203 3391 248 3458 se,
268 3392 341 3467 quo
360 3368 578 3466 dignitatem
597 3369 782 3469 Principis
800 3370 992 3461 infamare,
1002 3369 1172 3467 omnique
1191 3355 1315 3445 contu-

201 3497 385 3572 meliarum
403 3519 541 3593 genere
560 3519 763 3595 aspergere
781 3504 919 3596 posset.
948 3494 1205 3589 Quamobrem,
1233 3518 1314 3570 cum

201 3623 396 3698 sentientes
415 3630 453 3698 et
471 3623 741 3698 consentientes
764 3623 847 3722 pari
865 3645 987 3721 poena
1014 3622 1220 3720 puniantur,
1249 3620 1314 3695 Di-

201 3749 434 3844 vinorumque
453 3749 683 3825 oraculorum
702 3749 914 3847 praeceptis
933 3754 1078 3824 cautum
1098 3748 1157 3840 sit,
1175 3770 1221 3823 ne
1232 3748 1314 3843 quis

201 3873 432 3975 Principibus
450 3874 578 3974 populi
597 3875 655 3951 sui
673 3875 878 3968 maledicat,
896 3874 1057 3951 Ordines
1077 3873 1198 3971 Regni
1216 3872 1312 3949 idem

200 4011 233 4076 et
249 4003 294 4078 de
314 4002 466 4079 Andros
484 4003 664 4080 Batborio
684 4011 860 4084 statuere,
889 4002 987 4100 quod
1014 4008 1052 4076 et
1079 4023 1193 4100 supra
1220 4023 1314 4075 com-

200 4130 403 4206 memoratis
432 4130 505 4205 iam
529 4130 815 4229 pronunciarint,
844 4128 915 4204 hoc
941 4127 1077 4219 addito,
1107 4127 1312 4225 quodcum

202 4251 377 4356 Principis
405 4279 602 4356 personam
633 4263 670 4331 et
698 4256 915 4353 dignitatem
942 4255 980 4329 in
1000 4255 1165 4330 externis
1183 4255 1312 4351 regnis

202 4401 317 4457 coram
337 4382 460 4459 multis
480 4383 714 4480 Principibus
733 4381 930 4474 infamarit,
946 4389 983 4456 et
999 4381 1139 4458 talibus
1157 4381 1310 4478 ignomi-

201 4503 276 4594 niis,
304 4513 477 4605 quantum
506 4509 543 4584 in
572 4531 614 4584 se
642 4510 719 4603 luit,
747 4507 954 4586 involuerit.
976 4507 1097 4583 Orare
1123 4514 1246 4584 tamen
1269 4532 1311 4585 se

202 4627 438 4732 Principalem
459 4631 744 4726 Celsitudinem,
772 4643 811 4710 ut
829 4659 897 4733 pro
917 4656 986 4709 sua
1004 4631 1210 4711 Clementia
1228 4634 1308 4732 dig-

201 4765 298 4838 netur
324 4761 369 4837 iis
393 4763 538 4842 veniam
558 4762 658 4856 darc,
677 4764 910 4862 gratiamque
938 4762 1075 4838 erroris
1085 4763 1221 4858 facere,
1231 4762 1305 4860 qui,
