3625 5534
475 509 524 560 nu
542 510 625 560 sus.
646 509 733 560 vno.
754 509 837 560 osc.
858 511 892 559 x.
913 511 946 559 n.
961 511 995 560 x.
1246 488 1323 564 277

194 693 345 762 nostros
375 688 558 760 affecerat.
598 683 704 774 Quod
731 684 794 760 ubi
822 709 845 759 a
873 683 1109 780 Sigismundo
1137 686 1321 781 cognitum

198 820 268 902 est,
297 813 346 889 ad
369 811 653 888 succurrendum
681 811 936 887 laborantibus
962 812 1123 904 advolat,
1151 814 1321 910 suggerit

198 939 380 1031 subsidia,
401 939 613 1038 suppeditat
629 939 741 1014 fessis
760 939 947 1027 auxilium,
978 938 1248 1039 trepidantibus
1266 941 1315 1014 in-

199 1067 388 1158 clamitat,
414 1066 600 1163 fugientes
629 1067 666 1140 in
695 1066 858 1141 ordinem
886 1074 1046 1158 revocat,
1075 1066 1238 1165 nihilque
1270 1091 1317 1144 cx

195 1192 327 1291 optimi
345 1194 579 1292 imperatoris
599 1204 635 1268 et
652 1193 779 1269 militis
800 1194 923 1270 officio
942 1194 1104 1270 remittit.
1126 1194 1232 1269 Nunc
1245 1194 1317 1267 lor-

192 1327 253 1394 tes
272 1317 440 1396 hortatur
459 1328 496 1395 et
523 1320 658 1410 laudat,
687 1343 782 1395 nunc
809 1319 962 1419 corripit
979 1321 1138 1416 ignavos
1158 1327 1195 1395 et
1211 1320 1317 1394 terri-

192 1455 259 1532 tat,
278 1447 434 1545 deniqne
454 1447 621 1522 omnibus
639 1454 789 1545 praesto
809 1446 925 1522 adest.
948 1445 1107 1522 Proinde
1126 1446 1178 1522 ita
1197 1448 1317 1524 fervet

192 1573 473 1672 ubiqneMartis
493 1597 597 1674 opus,
617 1582 657 1651 ut
672 1574 992 1670 cunctasangnine
1011 1573 1316 1672 foedaconspice-

191 1723 266 1775 res.
289 1697 431 1791 Quibus
450 1700 785 1792 rebusfactumest‚
806 1699 1314 1797 utquamvismagnantrins·

194 1848 267 1924 que
287 1825 471 1901 exercitus
491 1848 535 1900 eo
555 1824 614 1900 die
632 1833 845 1924 patraretur
868 1827 1015 1914 caedes,
1035 1824 1180 1922 Vngari
1194 1833 1315 1900 mmen

191 1952 407 2050 superiores
425 1951 570 2026 luerint.
600 1953 660 2027 lta
679 1975 722 2027 eo
742 1975 887 2050 quoqne
908 1952 967 2027 die
987 1950 1189 2047 defatigato
1210 1973 1314 2026 exer-

191 2078 279 2169 citu,
290 2059 363 2154 nox
382 2085 419 2152 et
436 2076 617 2153 lassitudo
636 2079 815 2176 praelium
835 2078 989 2153 diremit.
1010 2077 1188 2174 Vtrisque
1218 2099 1259 2150 se
1278 2075 1316 2150 in

191 2209 319 2280 castra
337 2204 608 2298 revocantibus,
628 2204 780 2300 vigiliae
800 2205 1054 2302 stationesque
1074 2225 1315 2278 summacma

191 2332 230 2406 in
259 2330 395 2406 castris
413 2330 574 2405 habitae.
613 2329 731 2421 Quum
751 2332 830 2406 dies
850 2328 1032 2406 Sabbathi
1041 2329 1238 2420 illuxisset,
1256 2351 1316 2402 ne-

191 2468 347 2557 uterque
365 2457 508 2555 praelio
527 2457 685 2548 cederet,
714 2459 834 2556 prima
861 2456 944 2534 luce
967 2458 1065 2532 iuter
1083 2455 1150 2531 VI.
1170 2464 1208 2531 et
1226 2456 1312 2533 Vll.

190 2587 321 2661 boram
347 2607 473 2682 pugna
501 2583 733 2659 atrocissima
762 2583 1007 2674 committitur,
1039 2605 1083 2658 eo
1114 2581 1247 2670 animo,
1275 2587 1316 2655 ut

192 2711 281 2788 totis
299 2710 440 2785 viribus
458 2732 535 2785 rem
573 2710 716 2808 utrique
745 2711 1005 2809 experirentur.
1045 2705 1121 2783 Sed
1140 2707 1316 2784 obstabat

191 2837 383 2936 proposito
411 2833 635 2932 Sigismundi
656 2837 941 2927 Maximilianus,
969 2859 1038 2912 neo
1062 2857 1238 2911 summam
1258 2833 1313 2908 rei

192 2964 335 3063 praelio
354 2963 648 3040 committendam
668 2965 843 3038 censebat
873 2962 1004 3038 Victus
1022 2962 1169 3038 tandem
1188 2959 1315 3035 cohor·

193 3087 642 3186 tationibnsSigismnndi.
661 3091 819 3188 pedibus
837 3089 875 3164 in
895 3090 975 3165 eins
995 3086 1214 3162 seutentiam
1230 3107 1314 3159 oon·

194 3217 300 3308 cedit,
319 3242 364 3292 ac
383 3217 501 3316 prima
519 3218 598 3293 acie
617 3216 891 3317 Transylvanis
911 3236 1099 3304 concessa,
1133 3212 1214 3310 ipse
1233 3234 1313 3286 cum

193 3345 327 3421 robore
337 3344 657 3443 cataphractorum
688 3342 1027 3440 atergosubsistit.
1055 3337 1312 3436 Sigismnndns

195 3497 240 3549 ea
253 3496 295 3548 re
314 3473 446 3567 laetus,
474 3473 569 3548 ultro
581 3473 653 3548 sibi
671 3473 825 3569 primam
846 3471 962 3547 aciem
981 3468 1159 3568 deposcit,
1196 3487 1314 3565 eaque

193 3601 263 3674 rite
282 3597 466 3696 disposita
484 3621 572 3672 suos
592 3598 770 3695 gravibus
791 3598 917 3674 verbis
935 3595 1110 3686 bortatur,
1130 3617 1177 3668 ne
1186 3593 1313 3667 initam

193 3724 379 3823 prioribus
407 3723 535 3800 diebus
563 3723 754 3800 victoriam
777 3747 844 3822 per
871 3722 1051 3798 desidiam
1071 3727 1108 3796 et
1126 3717 1313 3816 ignaviam

194 3858 477 3950 corrumperent,
496 3858 695 3949 pergerent
713 3851 861 3926 vincere
888 3859 928 3926 nt
956 3847 1155 3946 coeperint,
1185 3842 1313 3919 cohor-

197 3978 398 4058 tationibus
413 3977 705 4053 obsecrationem
725 3975 902 4072 adiungit,
923 3999 968 4049 ue
988 3973 1060 4048 sibi
1094 3970 1311 4070 patriaeque

197 4108 328 4196 desint
353 4104 514 4201 cogitent
530 4103 649 4202 pridie
670 4105 889 4200 quambene
909 4098 1117 4199 pugnarint,
1138 4105 1312 4195 quautam

195 4233 355 4314 bostium
373 4254 519 4307 manum
535 4229 786 4329 protriverint,
812 4228 956 4326 quoties
973 4225 1186 4302 inclinarint
1204 4233 1240 4299 et
1258 4225 1312 4298 fu·

195 4362 325 4450 derint,
355 4366 443 4456 quot
479 4365 659 4432 tormenta
684 4379 803 4431 aenea
838 4353 1022 4452 ceperint:
1061 4356 1311 4450 praecaveant

194 4513 239 4564 ne
257 4487 413 4564 sudores
432 4484 611 4559 hactenns
624 4485 760 4559 effusos
774 4480 1006 4576 tolerataque
1016 4474 1312 4577 periculaomnia

195 4617 231 4691 in
249 4612 390 4688 irritum
418 4610 606 4684 effundant
645 4610 729 4684 Non
759 4609 820 4706 qui
849 4631 983 4702 magna
1011 4603 1207 4703 coeperint,
1245 4602 1312 4678 sed

199 4741 260 4842 qui
279 4747 412 4836 coepta
429 4737 591 4834 gloriose
611 4735 850 4825 terminarint‚
887 4732 997 4808 laude
1016 4732 1149 4829 dignos
1168 4729 1311 4806 censeri
