3625 5534
477 493 525 546 nn
544 494 625 546 nnn.
646 493 731 546 vno.
752 493 835 546 nnc.
856 493 905 546 ιι.
927 494 960 546 u.
979 495 1003 546 1.
1239 471 1315 550 ast

206 669 394 768 Stephano
413 667 565 760 Osakio,
587 670 762 745 Ladislao
784 667 961 769 Gyulalfi‚
988 679 1026 746 et
1053 670 1135 746 aliis
1155 670 1318 746 selectis-

199 796 300 872 simis
320 795 525 893 quibusque
544 795 752 893 primorum,
771 818 839 893 per
857 794 949 870 lines
970 795 1161 892 Vngariae
1183 804 1221 872 et
1239 796 1316 872 Mo-

197 923 323 998 taviae
333 921 458 998 XVII.
469 920 646 997 februarii
656 944 735 996 oum
746 920 825 997 XII
836 920 938 996 cisiis
949 920 1109 1019 Pragam
1129 922 1316 1022 profectus

198 1059 264 1127 eet.
287 1049 398 1124 Datis
419 1048 532 1146 quieti
551 1048 692 1144 aliquot
706 1048 849 1139 dicbus,
869 1058 1063 1148 postquam
1083 1051 1247 1126 occultas
1265 1049 1316 1124 ibi

197 1199 276 1252 cum
297 1173 462 1252 Caesare
483 1175 528 1250 de
547 1174 604 1266 iis,
634 1199 727 1272 quae
746 1184 878 1274 postea
898 1184 1119 1253 consecutae
1139 1185 1233 1270 suut,
1260 1199 1315 1252 re·

196 1307 264 1381 bus
292 1302 485 1378 admodum
503 1302 615 1377 tacite
635 1302 921 1379 deliberationes
948 1303 1149 1396 habuisset,
1179 1313 1217 1380 et
1243 1303 1314 1380 VI.

196 1430 321 1506 Martii
340 1429 443 1506 aurei
457 1425 613 1503 'velleris
643 1437 772 1526 torque
792 1429 995 1506 solenniter
1013 1431 1060 1507 ab
1081 1433 1312 1528 Imperatore

195 1557 393 1654 insignitus
419 1555 563 1644 fuisset,
593 1564 745 1654 accepto
773 1557 819 1631 de
843 1555 962 1631 literis
991 1556 1140 1632 flazoni
1170 1556 1313 1633 Bassae

195 1683 336 1775 nuncio,
355 1681 507 1778 nequid
526 1702 567 1755 se
586 1682 739 1757 absente
758 1683 945 1758 turbarum
965 1682 1002 1758 in
1012 1681 1208 1758 Provincia
1227 1683 1313 1758 sub-

193 1811 358 1895 oriretur,
378 1808 585 1885 incredibili
612 1809 801 1884 celeritate
829 1810 976 1887 domum
1004 1810 1122 1902 rediit,
1157 1832 1312 1908 cumque

194 1947 276 2036 post
285 1943 475 2036 peractum
485 1934 923 2010 DominicaeNativitatis
935 1932 1086 2010 Sacrum
1115 1935 1310 2036 proiectio-

192 2065 249 2138 nis
266 2063 390 2138 itineri
408 2085 450 2137 se
470 2061 643 2153 dedisset,
663 2061 711 2137 ad
728 2063 862 2137 festum
882 2059 1113 2138 Parasoeves
1132 2062 1169 2138 in
1189 2063 1308 2139 'Pran-

194 2190 402 2289 sylvaniam
422 2191 549 2265 saluus
570 2197 681 2287 atque
701 2187 891 2264 incolumis
911 2189 1028 2265 rediit.

669 2453 843 2462 ————⁴-

508 2708 682 2786 OAPVT
710 2708 1005 2788 SECVNDVM.

192 2879 250 2952 Dc
268 2877 384 2953 literis
402 2877 550 2950 Hozoni
560 2877 699 2950 Boasae
718 2877 769 2950 ad
779 2877 991 2974 Principem
1008 2875 1308 2976 Traoqloaotae.

297 3057 617 3154 Reversus'igitnr
637 3056 779 3132 domum
801 3055 991 3156 Princeps,
1011 3065 1204 3134 senatores
1224 3081 1307 3134 oon-

194 3185 315 3260 testim
330 3186 460 3260 Albam
480 3192 669 3274 convocat,
690 3182 882 3281 accitoque
901 3184 938 3258 in
959 3191 1124 3260 sonatum
1153 3185 1307 3260 obanzio

192 3313 320 3388 literas
339 3311 486 3390 Hazoni
505 3314 650 3388 Bassae
679 3312 819 3410 recipit.
848 3315 888 3387 Is
922 3337 1002 3388 cum
1022 3312 1200 3410 Belgradi
1228 3336 1307 3390 oum

192 3441 316 3537 aliqua
334 3441 520 3539 copiarum
538 3449 646 3540 parte
674 3439 887 3533 resedisset,
917 3449 954 3515 et
982 3439 1019 3515 in
1048 3464 1175 3516 omnes
1203 3465 1308 3518 occa·

192 3569 315 3643 siones
344 3568 514 3654 intentus,
543 3565 698 3642 victoria
725 3566 773 3640 ad
791 3566 1083 3663 persuadendum
1102 3566 1308 3666 Principem

190 3693 410 3768 abutendum
428 3693 617 3785 iudicaret,
636 3691 870 3767 tabellarium
889 3693 1047 3790 expedit,
1058 3701 1095 3768 et
1113 3692 1231 3768 literis
1246 3692 1307 3768 ad·

193 3819 335 3896 modum
354 3820 553 3918 patheticis
572 3819 620 3892 ad
643 3816 850 3918 Principem
879 3819 989 3893 solita
1008 3842 1088 3895 cum
1108 3818 1308 3894 officiorum

194 3946 457 4046 pollicitatione
477 3945 645 4044 scriptis:
675 3944 804 4038 Quum,
823 3946 950 4043 inquit,
970 3943 1308 4039 BelgradiRascia-

191 4095 669 4169 uorumegocommorarer‚
688 4073 895 4172 scripseras
915 4072 1040 4166 adme,
1060 4069 1305 4149 Serenissime

191 4198 378 4296 Princeps,
408 4199 659 4274 consentiente
688 4199 755 4273 tibi
773 4195 957 4272 Michaele
977 4199 1306 4297 Transalpinorum

192 4323 362 4400 Palatino
390 4334 427 4402 te
456 4326 546 4400 nibil
575 4326 762 4401 malitiose
782 4335 914 4424 sponte
934 4324 1114 4400 adversus
1134 4325 1306 4400 invictum

189 4459 352 4527 nostrum
380 4453 646 4549 Imperatorem
688 4450 851 4526 molitum
887 4449 1013 4540 luisse,
1042 4451 1109 4526 sed
1137 4451 1305 4526 omnibus

191 4577 291 4655 bisce
309 4578 524 4655 tumultibus
543 4579 689 4654 bellicis
701 4578 876 4653 Sinanum
897 4579 1054 4654 Bassam
1074 4578 1304 4654 occasionem

189 4704 415 4804 praebuisse.
453 4704 572 4798 Quum
599 4712 719 4782 autem
751 4704 824 4779 iam
852 4704 934 4803 ipse
962 4727 982 4778 e
1006 4705 1118 4779 rebus
1137 4704 1304 4782 humanis
