3625 5534
467 523 517 572 nn
534 522 616 572 nne.
643 521 728 573 vuo.
749 521 838 572 unc.
860 521 895 571 x.
917 521 949 572 n.
970 522 1020 571 111.
1263 498 1312 573 57

213 719 325 771 reeens
342 695 635 771 animadversum
654 697 731 770 fuit.
751 695 896 770 Deinde
924 718 1031 770 nemo
1059 719 1154 770 nune
1173 698 1210 768 in
1229 697 1315 771 aula

213 825 268 898 illa
283 823 417 898 meritis
436 823 524 915 suis,
563 822 829 918 quantumlibet
855 823 1083 934 illustribus,
1122 831 1250 920 sperat
1272 845 1314 896 se

213 950 309 1022 ullum
327 949 500 1023 honorem
520 957 810 1038 consecuturum,
839 948 873 1021 si
898 948 1057 1044 pecunia
1086 948 1318 1037 destituatur,

213 1076 352 1150 bonores
370 1096 497 1150 omnes
516 1082 554 1149 et
572 1074 680 1166 domi,
700 1083 738 1150 et
755 1073 859 1166 ioris,
879 1097 947 1149 eeu
956 1073 994 1148 in
1004 1073 1172 1150 auctione
1192 1071 1318 1171 aliqua

212 1201 345 1275 venales
372 1198 517 1277 Caesar
534 1199 705 1293 reddidit,
734 1225 780 1276 ao
808 1201 906 1300 quod
933 1200 1229 1296 indignissimum
1249 1209 1317 1290 est,

213 1325 438 1400 eunuchorum
474 1326 705 1424 potissimum
741 1327 887 1402 illorum
925 1349 1088 1424 suorum,
1121 1328 1313 1402 muliercu-

212 1451 381 1548 lammque
401 1474 526 1549 opera,
564 1477 609 1527 ae
628 1453 821 1550 pusionum
840 1453 966 1546 etiam,
1005 1475 1158 1549 quorum
1178 1476 1316 1549 greges

212 1576 296 1650 obes
312 1600 350 1652 se
369 1577 446 1669 ulit,
463 1578 574 1652 nullis
585 1579 738 1676 perinde
749 1578 929 1658 addictus,
949 1585 1061 1676 atque
1072 1577 1155 1654 istis
1165 1579 1315 1653 homun-

212 1702 366 1777 tionibus.
387 1702 460 1794 Qui
477 1726 633 1802 praeses
653 1704 800 1780 consilii
819 1705 898 1780 eius
928 1711 996 1797 est,
1024 1704 1125 1780 illius
1149 1704 1311 1806 authori·

211 1833 261 1900 tuo
277 1849 410 1902 summa
428 1827 656 1923 habebatur3
672 1829 746 1904 ista
765 1851 909 1926 quoque
928 1831 1001 1904 iam
1020 1831 1127 1928 primi
1146 1832 1217 1905 loei
1238 1830 1316 1927 dig·
1355 1918 1357 1928 Ι

210 1953 302 2040 nites,
321 1976 412 2050 quae
430 1963 540 2030 antea
557 1956 695 2046 virtuti,
715 1965 753 2030 et
771 1957 911 2031 meritis
931 1957 1100 2048 dabatur,
1120 1981 1215 2031 nune
1232 1981 1314 2055 pre-

212 2077 255 2152 tio
278 2079 452 2171 venditur,
471 2080 565 2155 adeo
586 2081 795 2157 alternante
815 2090 1018 2180 emptorum
1038 2081 1254 2175 conditione,
1274 2091 1315 2159 ut

211 2225 310 2302 saepe
327 2204 386 2280 ulii
416 2205 511 2280 alios
548 2207 660 2303 pretii
688 2207 949 2303 'magnitudine
980 2231 1027 2282 ex
1056 2229 1101 2282 ea
1130 2206 1313 2284 deiieiant

212 2329 338 2404 Nemini
357 2339 415 2407 est
432 2332 608 2428 ignotum,
628 2331 803 2409 Sinanum
822 2332 919 2408 buno
937 2332 1079 2428 ingenti
1088 2333 1245 2431 peounia
1253 2355 1317 2408 no-

211 2456 342 2532 moine
360 2481 441 2533 eum
460 2459 581 2534 looum
600 2468 810 2552 mereatum,
830 2461 868 2534 in
888 2460 1057 2555 singulos
1087 2459 1198 2534 etiam
1217 2482 1315 2535 men·
1381 2499 1383 2506 ·

211 2603 264 2655 ses
279 2583 383 2680 quina
402 2584 521 2659 millia
539 2607 734 2661 aureorum
753 2609 935 2662 nummum
953 2589 1102 2683 paetum
1121 2606 1217 2660 esse.
1257 2585 1315 2661 lbi

216 2705 284 2780 iura
300 2708 409 2802 nulla,
428 2710 502 2784 nisi
521 2734 618 2808 quae
637 2713 685 2787 ab
705 2734 749 2788 eo
770 2711 852 2788 solo
870 2710 1082 2802 redduntur,
1109 2710 1167 2786 illi
1186 2710 1256 2784 soli
1275 2717 1312 2786 et

211 2833 312 2928 probi,
330 2843 365 2910 et
383 2835 566 2929 honorati,
586 2860 679 2935 quos
708 2861 842 2914 oensus
871 2837 1110 2930 commendat,
1149 2843 1212 2912 aut
1239 2837 1311 2911 for-

211 2964 286 3034 tuna
301 2960 430 3052 evehit,
465 2961 542 3036 illis
560 2962 664 3038 loeus
682 2963 720 3037 in
741 2964 908 3055 oonsilio,
948 2962 1010 3060 qui
1029 2962 1109 3037 eius
1128 2962 1241 3051 nutui,
1280 2968 1317 3036 et

212 3083 334 3160 libidini
351 3087 577 3179 observinnt,
615 3090 670 3164 eis
698 3097 839 3164 tantum
867 3090 966 3188 apud
994 3111 1075 3162 eum
1094 3087 1316 3186 perfugium,

213 3209 384 3304 quibusvis
400 3211 548 3286 tandem
576 3213 677 3288 vitiis
706 3214 896 3289 eonstrioti
924 3219 1137 3304 teneantur,
1167 3213 1229 3309 qui
1257 3236 1313 3288 eo-

212 3333 273 3430 piis
297 3336 557 3432 circumfluunt,
576 3341 648 3415 soli
670 3341 802 3439 inopes
830 3342 918 3416 lieet
936 3340 1076 3415 innoxii
1094 3341 1315 3438 pleotuntur.

213 3457 366 3538 lliliteris
385 3463 582 3562 disciplina
601 3465 663 3542 diu
683 3466 782 3564 apud
800 3467 885 3541 illos
902 3464 1050 3541 illibata
1058 3466 1204 3556 mansit,
1224 3488 1319 3540 rinno

213 3604 280 3658 eam
296 3610 435 3685 quoque
452 3589 569 3664 ferme
585 3590 973 3690 collapsamvidemus,
993 3592 1169 3668 militibus
1188 3591 1226 3664 in
1238 3615 1317 3666 eam

211 3711 377 3811 prolapsis
387 3715 584 3811 licentiam,
593 3718 681 3793 utin
699 3718 792 3816 ipsis
803 3718 925 3794 Aulae
934 3720 1188 3817 penetralibus
1199 3740 1314 3816 prope

213 3837 269 3910 snb
286 3840 397 3917 oeulis
416 3841 612 3939 ipsiusmet
639 3840 818 3919 (laesuris
846 3844 982 3920 oaedes
1008 3851 1220 3942 patrentur,
1258 3844 1319 3916 vel

212 3981 318 4040 eorum
334 3969 526 4066 imprimis,
546 3971 608 4067 qui
626 3972 665 4045 in
685 3993 827 4047 summa
844 3971 965 4071 ipsius
985 3991 1070 4046 esse
1089 3969 1213 4065 gratia
1232 3990 1315 4042 oon-

211 4087 401 4183 spioiuntur.
420 4093 505 4170 Hoo
523 4096 724 4191 Beglerbei
742 4093 854 4191 illius,
892 4119 965 4193 quo
992 4119 1099 4171 nemo
1118 4102 1205 4170 tune
1223 4089 1317 4169 Gae-

211 4212 275 4287 san
290 4215 432 4294 eharior
458 4219 561 4313 vixit,
599 4244 644 4295 ao
669 4222 807 4297 aerarii
835 4245 981 4321 quoque
1008 4221 1189 4321 praefecti
1218 4219 1316 4294 tristi

211 4357 285 4413 casu
300 4351 381 4419 unte
399 4367 540 4444 paucos
560 4369 677 4421 annos
697 4347 881 4423 satisfuit
905 4347 1141 4422 deelaramm.
1182 4344 1315 4421 Iamsi

211 4472 321 4542 cetera
337 4471 465 4563 addas,
485 4480 625 4549 tantam
645 4482 903 4570 grassatorum
923 4495 1079 4564 manum,
1099 4472 1161 4568 qui
1180 4472 1316 4568 ubique

210 4587 445 4688 obversantur,
464 4579 783 4690 incendiariorum,
820 4599 883 4696 qui
910 4600 1039 4674 urbem
1067 4620 1162 4696 pene
1189 4605 1319 4702 totam,

208 4713 256 4786 vel
272 4726 366 4794 eerte
381 4720 564 4819 potiorem
580 4726 660 4819 ejus
679 4731 824 4823 partem
835 4723 1093 4823 superioribus
1108 4724 1214 4800 aunis
1224 4722 1311 4819 igne
