3625 5534
479 484 553 558 172
874 511 923 560 ιο.
944 507 1044 558 naeu
1063 509 1214 560 anaovn

474 703 552 757 sem
570 692 774 782 prorogant
791 684 972 782 utrinque,
992 693 1029 759 et
1038 707 1110 782 quo
1121 707 1289 781 quaeque
1297 707 1360 759 res
1370 684 1478 760 modo
1488 707 1591 778 gere·

472 819 583 902 retur,
612 811 707 886 inter
726 834 768 887 se
787 821 963 887 statuunt.
990 809 1161 888 Ceterum
1190 833 1263 908 quo
1291 813 1402 887 tutior
1429 810 1591 910 splendi-

472 937 624 1033 diorque
650 938 747 1012 loret
774 936 945 1035 Sponsae
970 937 1201 1028 introductio,
1236 944 1387 1035 praeter
1423 945 1588 1026 matrem,

470 1086 566 1160 quae
584 1063 705 1138 studio
725 1063 868 1139 visendi
887 1064 1071 1161 Reginam
1088 1062 1277 1153 Poloniae,
1299 1061 1413 1137 tiliam
1433 1063 1590 1139 alteram

470 1197 601 1288 sponte
630 1190 735 1286 sequi
764 1190 990 1266 decreverat.
1038 1189 1217 1264 Adiunxit
1253 1185 1397 1265 Caesar
1415 1186 1590 1287 Sponsae

469 1315 760 1392 Maximilianum
779 1319 945 1408 fratrem,
963 1316 1052 1392 item
1070 1317 1297 1414 Episcopum
1318 1315 1587 1402 Labentanum

468 1443 664 1518 Martinum
675 1443 792 1518 Petbe
802 1444 1029 1543 Episcopum
1038 1441 1322 1534 Varadiensem‚
1333 1449 1370 1516 et
1387 1441 1587 1540 Praeposi-

464 1576 539 1643 tum
558 1568 826 1662 Iazoviensem
845 1569 1070 1668 qui-nomine
1089 1565 1267 1644 Caesaris
1296 1568 1438 1660 aderat,
1467 1569 1586 1643 Fran-

465 1694 600 1770 ciscum
619 1695 833 1792 Dersffium,
848 1696 910 1794 qui
929 1697 1173 1773 Maximillam
1191 1696 1585 1795 Matthiaequeperso-

465 1845 548 1895 nam
569 1823 785 1912 sustinebat7
811 1822 1036 1898 Demetrium
1064 1823 1296 1922 Napragium
1324 1823 1585 1922 Praepositum

465 1946 696 2043 Agriensem
726 1949 842 2024 virum
869 1949 1048 2046 imprimis
1076 1950 1257 2026 eruditum
1286 1957 1399 2046 atque
1426 1948 1585 2048 pruden-

462 2081 547 2167 tem,
568 2071 826 2150 Sebastianum
846 2073 1280 2166 Tekelium,La(lislaum
1300 2075 1583 2169 Homonnaium,

463 2199 658 2277 Nicolaum
687 2199 821 2292 Cobor,
851 2198 1066 2275 Ladislaum
1093 2198 1211 2276 Pethe
1229 2199 1382 2275 fratrem
1402 2199 1584 2300 Episcopi

464 2326 716 2418 Varadiensis‚
745 2335 783 2402 et
810 2327 1017 2426 complures
1036 2324 1143 2418 alios,
1163 2324 1379 2423 quibuscum
1407 2346 1477 2399 nos
1496 2349 1584 2423 quo·

463 2477 533 2550 que
552 2453 624 2551 ipsi
643 2451 765 2528 Albae
784 2452 829 2529 de
849 2453 973 2530 multis
991 2452 1103 2528 rebus
1118 2453 1310 2549 gravibus,
1320 2449 1583 2549 historicisque

461 2579 630 2654 collocuti
649 2579 793 2655 brimus.
807 2579 1009 2678 Postquam
1027 2579 1141 2676 igitur
1150 2580 1262 2655 rebus
1272 2579 1371 2655 domi
1378 2578 1449 2656 rite
1459 2578 1583 2677 dispo·

463 2705 556 2797 sitis,
577 2703 647 2779 iter
666 2702 815 2801 Sponsa
835 2729 914 2782 cnm
934 2714 1050 2781 matre
1068 2708 1310 2803 patrueleque
1328 2704 1583 2780 Maximiliano

461 2831 657 2932 coepisset,
685 2833 834 2930 magnis
852 2834 989 2930 ubique
1006 2833 1200 2932 plausibus
1219 2841 1386 2930 excepta,
1396 2830 1583 2907 Viennam

459 2961 608 3037 tandem
627 2961 806 3060 pervenit,
826 2961 951 3060 ibique
970 2960 1111 3058 aliquot
1129 2961 1268 3037 dierum
1297 2957 1582 3035 commoratione

460 3113 501 3165 se
519 3090 658 3165 lessam
679 3112 725 3164 ex
744 3088 876 3165 itinere
894 3087 1035 3165 reiecit.

933 3298 1107 3307 ...ιο-...ι-

777 3500 952 3577 GAPVT
976 3497 1273 3578 SECVNDVM.

616 3683 674 3756 De
695 3681 851 3756 solvente
869 3683 1030 3778 Sponsae
1052 3679 1267 3756 Carolioam
1287 3707 1413 3780 usque.

562 3861 694 3940 Paucis
730 3869 816 3960 post
852 3861 982 3938 diebus
1020 3860 1166 3958 Sponsa
1193 3861 1378 3938 Viennam
1410 3863 1576 3951 advenit.

453 3985 579 4082 ibique
596 3986 963 4063 honorificentissime
981 3990 1030 4064 ab
1049 3986 1257 4063 Archiduoe
1275 3989 1436 4065 Matthia
1464 3991 1575 4065 omni·

454 4114 598 4211 busque
618 4113 880 4188 Viennensium
899 4112 1091 4189 ordinibus
1120 4123 1287 4214 excepta,
1315 4115 1457 4213 aliquot
1495 4115 1575 4192 dies
1720 4200 1721 4215 Ν

455 4249 689 4316 commorata.
728 4239 819 4316 Inde
846 4240 1015 4338 profecta
1042 4239 1263 4334 Posonium‚
1291 4263 1377 4317 mox
1415 4241 1575 4343 Alpibus

453 4365 682 4442 transmissis
711 4365 959 4452 Leutsoviam
988 4365 1249 4465 EperJesinum
1288 4374 1326 4442 et
1352 4365 1574 4446 Oassoviam

456 4494 610 4592 appulit·
631 4493 767 4586 Quare
786 4493 944 4588 cognita,
964 4517 1062 4569 nova
1080 4494 1117 4568 in
1135 4494 1216 4570 dies
1226 4494 1440 4578 Procerum„
1449 4494 1575 4574 Ponti·
1719 4474 1720 4509 ³

453 4619 633 4716 ficumque
662 4621 811 4716 agmina
838 4621 1131 4717 congratulatum
1159 4621 1194 4696 ei
1222 4624 1477 4714 occurrebant
1504 4645 1573 4698 nee

455 4742 569 4823 ullum
578 4745 749 4848 publicae
758 4746 926 4824 laetitiae
934 4746 1079 4845 signum
1088 4749 1441 4850 praetermittebant.
1462 4753 1507 4827 In
1524 4749 1571 4826 iis
