<?xml version="1.0" encoding="UTF-8"?>
<!DOCTYPE html PUBLIC "-//W3C//DTD XHTML 1.0 Transitional//EN"
    "http://www.w3.org/TR/xhtml1/DTD/xhtml1-transitional.dtd">
<html xmlns="http://www.w3.org/1999/xhtml" xml:lang="en" lang="en">
 <head>
  <title>
</title>
<meta http-equiv="Content-Type" content="text/html;charset=utf-8" />
  <meta name='ocr-system' content='tesseract 3.04.00' />
  <meta name='ocr-capabilities' content='ocr_page ocr_carea ocr_par ocr_line ocrx_word'/>
</head>
<body>
  <div class='ocr_page' id='page_1' title='image "./magyarhistorija00decsgoog_0245.png"; bbox 0 0 3625 5534; ppageno 0'>
   <div class='ocr_carea' id='block_1_1' title="bbox 466 483 1321 560">
    <p class='ocr_par' dir='ltr' id='par_1_1' title="bbox 466 483 1321 560">
     <span class='ocr_line' id='line_1_1' title="bbox 466 483 1321 560; baseline 0.004 -3"><span class='ocrx_word' id='word_1_1' title='bbox 466 508 515 557; x_wconf 84' lang='lat' dir='ltr'>nn</span> <span class='ocrx_word' id='word_1_2' title='bbox 534 507 616 558; x_wconf 82' lang='lat' dir='ltr'>aas.</span> <span class='ocrx_word' id='word_1_3' title='bbox 643 505 727 558; x_wconf 81' lang='lat' dir='ltr'>vua.</span> <span class='ocrx_word' id='word_1_4' title='bbox 749 508 832 558; x_wconf 83' lang='lat' dir='ltr'>nno.</span> <span class='ocrx_word' id='word_1_5' title='bbox 854 508 889 558; x_wconf 88' lang='lat' dir='ltr'>x.</span> <span class='ocrx_word' id='word_1_6' title='bbox 910 509 944 559; x_wconf 84' lang='lat' dir='ltr'>n.</span> <span class='ocrx_word' id='word_1_7' title='bbox 965 508 1025 560; x_wconf 81' lang='lat' dir='ltr'>vn.</span> <span class='ocrx_word' id='word_1_8' title='bbox 1244 483 1321 560; x_wconf 74' lang='lat'>155</span> 
     </span>
    </p>
   </div>
   <div class='ocr_carea' id='block_1_2' title="bbox 196 679 1323 1259">
    <p class='ocr_par' dir='ltr' id='par_1_2' title="bbox 196 679 1323 1259">
     <span class='ocr_line' id='line_1_2' title="bbox 197 679 1323 779; baseline 0.004 -26"><span class='ocrx_word' id='word_1_9' title='bbox 197 679 396 773; x_wconf 85' lang='lat' dir='ltr'>Romanus,</span> <span class='ocrx_word' id='word_1_10' title='bbox 408 679 656 770; x_wconf 83' lang='lat' dir='ltr'>Florentinus,</span> <span class='ocrx_word' id='word_1_11' title='bbox 678 680 936 756; x_wconf 84' lang='lat' dir='ltr'>Ferrariensis</span> <span class='ocrx_word' id='word_1_12' title='bbox 955 691 993 757; x_wconf 91' lang='lat' dir='ltr'>et</span> <span class='ocrx_word' id='word_1_13' title='bbox 1011 683 1248 774; x_wconf 77' lang='lat' dir='ltr'>Mantuanus,</span> <span class='ocrx_word' id='word_1_14' title='bbox 1261 683 1323 779; x_wconf 91' lang='lat' dir='ltr'>qui</span> 
     </span>
     <span class='ocr_line' id='line_1_3' title="bbox 196 803 1318 912; baseline 0.004 -35"><span class='ocrx_word' id='word_1_15' title='bbox 196 803 389 905; x_wconf 83' lang='lat' dir='ltr'><strong>Principes</strong></span> <span class='ocrx_word' id='word_1_16' title='bbox 427 806 596 903; x_wconf 90' lang='lat' dir='ltr'>quamvis</span> <span class='ocrx_word' id='word_1_17' title='bbox 634 815 741 882; x_wconf 84' lang='lat' dir='ltr'>extra</span> <span class='ocrx_word' id='word_1_18' title='bbox 777 806 1068 882; x_wconf 85' lang='lat' dir='ltr'>iurisdietionem</span> <span class='ocrx_word' id='word_1_19' title='bbox 1095 807 1246 912; x_wconf 89' lang='lat' dir='ltr'>Imperii</span> <span class='ocrx_word' id='word_1_20' title='bbox 1275 829 1318 881; x_wconf 92' lang='lat' dir='ltr'>se</span> 
     </span>
     <span class='ocr_line' id='line_1_4' title="bbox 196 930 1322 1025; baseline 0.004 -23"><span class='ocrx_word' id='word_1_21' title='bbox 196 932 415 1007; x_wconf 82' lang='lat' dir='ltr'>constitutos</span> <span class='ocrx_word' id='word_1_22' title='bbox 434 932 579 1025; x_wconf 80' lang='lat' dir='ltr'>dunant,</span> <span class='ocrx_word' id='word_1_23' title='bbox 598 933 738 1008; x_wconf 83' lang='lat' dir='ltr'>auxilia</span> <span class='ocrx_word' id='word_1_24' title='bbox 756 940 880 1009; x_wconf 87' lang='lat' dir='ltr'>tamen</span> <span class='ocrx_word' id='word_1_25' title='bbox 899 934 1173 1010; x_wconf 81' lang='lat' dir='ltr'>incommunem</span> <span class='ocrx_word' id='word_1_26' title='bbox 1192 930 1322 1008; x_wconf 76' lang='lat' dir='ltr'>Chris·</span> 
     </span>
     <span class='ocr_line' id='line_1_5' title="bbox 197 1056 1315 1159; baseline 0.004 -29"><span class='ocrx_word' id='word_1_27' title='bbox 197 1056 318 1133; x_wconf 92' lang='lat' dir='ltr'>tianae</span> <span class='ocrx_word' id='word_1_28' title='bbox 355 1057 582 1156; x_wconf 79' lang='lat' dir='ltr'>reipublicae</span> <span class='ocrx_word' id='word_1_29' title='bbox 619 1079 724 1134; x_wconf 89' lang='lat' dir='ltr'>usum</span> <span class='ocrx_word' id='word_1_30' title='bbox 745 1081 788 1134; x_wconf 92' lang='lat' dir='ltr'>eo</span> <span class='ocrx_word' id='word_1_31' title='bbox 808 1058 955 1157; x_wconf 89' lang='lat' dir='ltr'>quidem</span> <span class='ocrx_word' id='word_1_32' title='bbox 972 1068 1139 1159; x_wconf 90' lang='lat' dir='ltr'>tempore</span> <span class='ocrx_word' id='word_1_33' title='bbox 1168 1059 1315 1159; x_wconf 84' lang='lat' dir='ltr'>prolixe</span> 
     </span>
     <span class='ocr_line' id='line_1_6' title="bbox 198 1181 682 1259; baseline 0 -3"><span class='ocrx_word' id='word_1_34' title='bbox 198 1205 241 1256; x_wconf 90' lang='lat' dir='ltr'>ao</span> <span class='ocrx_word' id='word_1_35' title='bbox 258 1181 420 1258; x_wconf 87' lang='lat' dir='ltr'>fideliter</span> <span class='ocrx_word' id='word_1_36' title='bbox 440 1183 682 1259; x_wconf 79' lang='lat' dir='ltr'>contulerunt.</span> 
     </span>
    </p>
   </div>
   <div class='ocr_carea' id='block_1_3' title="bbox 532 1751 993 1832">
    <p class='ocr_par' dir='ltr' id='par_1_3' title="bbox 532 1751 993 1832">
     <span class='ocr_line' id='line_1_7' title="bbox 532 1751 993 1832; baseline -0.009 -2"><span class='ocrx_word' id='word_1_37' title='bbox 532 1753 706 1832; x_wconf 84' lang='lat' dir='ltr'><strong>OAPVT</strong></span> <span class='ocrx_word' id='word_1_38' title='bbox 735 1751 993 1831; x_wconf 81' lang='lat' dir='ltr'><strong>DECIMVM.</strong></span> 
     </span>
    </p>
   </div>
   <div class='ocr_carea' id='block_1_4' title="bbox 255 1950 1268 2152">
    <p class='ocr_par' dir='ltr' id='par_1_4' title="bbox 255 1950 1268 2152">
     <span class='ocr_line' id='line_1_8' title="bbox 255 1950 1268 2043; baseline 0.001 -18"><span class='ocrx_word' id='word_1_39' title='bbox 255 1952 313 2025; x_wconf 86' lang='lat' dir='ltr'>De</span> <span class='ocrx_word' id='word_1_40' title='bbox 354 1950 519 2027; x_wconf 81' lang='lat' dir='ltr'>Comitiis</span> <span class='ocrx_word' id='word_1_41' title='bbox 545 1951 741 2043; x_wconf 81' lang='lat' dir='ltr'>Potonicia,</span> <span class='ocrx_word' id='word_1_42' title='bbox 778 1976 823 2024; x_wconf 86' lang='lat' dir='ltr'>ao</span> <span class='ocrx_word' id='word_1_43' title='bbox 861 1953 1078 2026; x_wconf 71' lang='lat' dir='ltr'><strong><em>tractatione</em></strong></span> <span class='ocrx_word' id='word_1_44' title='bbox 1106 1951 1150 2026; x_wconf 86' lang='lat' dir='ltr'>de</span> <span class='ocrx_word' id='word_1_45' title='bbox 1179 1950 1268 2026; x_wconf 79' lang='lat' dir='ltr'>tello</span> 
     </span>
     <span class='ocr_line' id='line_1_9' title="bbox 605 2076 919 2152; baseline 0 -2"><span class='ocrx_word' id='word_1_46' title='bbox 605 2076 757 2151; x_wconf 66' lang='lat' dir='ltr'>Dereion</span> <span class='ocrx_word' id='word_1_47' title='bbox 784 2076 919 2152; x_wconf 79' lang='lat' dir='ltr'>tabita.</span> 
     </span>
    </p>
   </div>
   <div class='ocr_carea' id='block_1_5' title="bbox 202 2310 1324 2786">
    <p class='ocr_par' dir='ltr' id='par_1_5' title="bbox 202 2310 1324 2786">
     <span class='ocr_line' id='line_1_10' title="bbox 306 2310 1324 2410; baseline 0.001 -24"><span class='ocrx_word' id='word_1_48' title='bbox 306 2310 448 2389; x_wconf 87' lang='lat' dir='ltr'>Habita</span> <span class='ocrx_word' id='word_1_49' title='bbox 467 2320 555 2388; x_wconf 91' lang='lat' dir='ltr'>sunt</span> <span class='ocrx_word' id='word_1_50' title='bbox 572 2311 673 2386; x_wconf 90' lang='lat' dir='ltr'>oiroa</span> <span class='ocrx_word' id='word_1_51' title='bbox 690 2310 786 2387; x_wconf 87' lang='lat' dir='ltr'>idem</span> <span class='ocrx_word' id='word_1_52' title='bbox 804 2319 951 2410; x_wconf 86' lang='lat' dir='ltr'>tempus</span> <span class='ocrx_word' id='word_1_53' title='bbox 969 2335 1096 2390; x_wconf 90' lang='lat' dir='ltr'>mense</span> <span class='ocrx_word' id='word_1_54' title='bbox 1116 2312 1324 2391; x_wconf 73' lang='lat' dir='ltr'>Februario</span> 
     </span>
     <span class='ocr_line' id='line_1_11' title="bbox 202 2431 1323 2539; baseline 0.005 -31"><span class='ocrx_word' id='word_1_55' title='bbox 202 2431 359 2515; x_wconf 82' lang='lat' dir='ltr'>Comitia</span> <span class='ocrx_word' id='word_1_56' title='bbox 381 2463 405 2514; x_wconf 92' lang='lat' dir='ltr'>a</span> <span class='ocrx_word' id='word_1_57' title='bbox 427 2438 582 2514; x_wconf 88' lang='lat' dir='ltr'>Polonis</span> <span class='ocrx_word' id='word_1_58' title='bbox 604 2434 825 2530; x_wconf 83' lang='lat' dir='ltr'>Oraeoviae,</span> <span class='ocrx_word' id='word_1_59' title='bbox 844 2437 1034 2535; x_wconf 87' lang='lat' dir='ltr'>inquibus</span> <span class='ocrx_word' id='word_1_60' title='bbox 1053 2439 1256 2539; x_wconf 78' lang='lat' dir='ltr'>praecipua</span> <span class='ocrx_word' id='word_1_61' title='bbox 1275 2439 1323 2515; x_wconf 92' lang='lat' dir='ltr'>de</span> 
     </span>
     <span class='ocr_line' id='line_1_12' title="bbox 202 2561 1323 2663; baseline 0.003 -25"><span class='ocrx_word' id='word_1_62' title='bbox 202 2565 300 2640; x_wconf 87' lang='lat' dir='ltr'>bello</span> <span class='ocrx_word' id='word_1_63' title='bbox 320 2561 501 2639; x_wconf 88' lang='lat' dir='ltr'>adversus</span> <span class='ocrx_word' id='word_1_64' title='bbox 522 2562 670 2638; x_wconf 75' lang='lat' dir='ltr'>&#39;Paneas</span> <span class='ocrx_word' id='word_1_65' title='bbox 690 2561 894 2637; x_wconf 80' lang='lat' dir='ltr'>coniunctis</span> <span class='ocrx_word' id='word_1_66' title='bbox 914 2585 996 2637; x_wconf 90' lang='lat' dir='ltr'>oum</span> <span class='ocrx_word' id='word_1_67' title='bbox 1006 2564 1237 2663; x_wconf 86' lang='lat' dir='ltr'>Imperatore</span> <span class='ocrx_word' id='word_1_68' title='bbox 1246 2566 1323 2641; x_wconf 89' lang='lat' dir='ltr'>ani·</span> 
     </span>
     <span class='ocr_line' id='line_1_13' title="bbox 202 2680 1324 2786; baseline 0.002 -20"><span class='ocrx_word' id='word_1_69' title='bbox 202 2693 269 2766; x_wconf 81' lang='lat' dir='ltr'>nris</span> <span class='ocrx_word' id='word_1_70' title='bbox 297 2699 336 2766; x_wconf 93' lang='lat' dir='ltr'>et</span> <span class='ocrx_word' id='word_1_71' title='bbox 362 2689 476 2766; x_wconf 87' lang='lat' dir='ltr'>armis</span> <span class='ocrx_word' id='word_1_72' title='bbox 503 2688 667 2786; x_wconf 82' lang='lat' dir='ltr'>gerendo</span> <span class='ocrx_word' id='word_1_73' title='bbox 694 2688 765 2763; x_wconf 86' lang='lat' dir='ltr'>fnit</span> <span class='ocrx_word' id='word_1_74' title='bbox 783 2680 1013 2765; x_wconf 80' lang='lat' dir='ltr'>deliberatio.</span> <span class='ocrx_word' id='word_1_75' title='bbox 1032 2691 1191 2769; x_wconf 87' lang='lat' dir='ltr'>Miserat</span> <span class='ocrx_word' id='word_1_76' title='bbox 1227 2692 1324 2768; x_wconf 89' lang='lat' dir='ltr'>enim</span> 
     </span>
    </p>
   </div>
   <div class='ocr_carea' id='block_1_6' title="bbox 203 2812 1326 3540">
    <p class='ocr_par' dir='ltr' id='par_1_6' title="bbox 203 2812 1326 3540">
     <span class='ocr_line' id='line_1_14' title="bbox 205 2812 1325 2916; baseline 0 -23"><span class='ocrx_word' id='word_1_77' title='bbox 205 2825 315 2893; x_wconf 86' lang='lat' dir='ltr'>antea</span> <span class='ocrx_word' id='word_1_78' title='bbox 359 2817 567 2915; x_wconf 89' lang='lat' dir='ltr'>Imperator</span> <span class='ocrx_word' id='word_1_79' title='bbox 611 2813 658 2889; x_wconf 93' lang='lat' dir='ltr'>ad</span> <span class='ocrx_word' id='word_1_80' title='bbox 694 2812 858 2891; x_wconf 89' lang='lat' dir='ltr'>Polonos</span> <span class='ocrx_word' id='word_1_81' title='bbox 894 2816 1138 2911; x_wconf 86' lang='lat' dir='ltr'>legationem,</span> <span class='ocrx_word' id='word_1_82' title='bbox 1185 2839 1325 2916; x_wconf 85' lang='lat' dir='ltr'>eosque</span> 
     </span>
     <span class='ocr_line' id='line_1_15' title="bbox 207 2941 1325 3042; baseline 0.003 -26"><span class='ocrx_word' id='word_1_83' title='bbox 207 2943 340 3019; x_wconf 86' lang='lat' dir='ltr'>obnixe</span> <span class='ocrx_word' id='word_1_84' title='bbox 359 2949 543 3036; x_wconf 88' lang='lat' dir='ltr'>oraverat,</span> <span class='ocrx_word' id='word_1_85' title='bbox 563 2946 660 3016; x_wconf 91' lang='lat' dir='ltr'>utet</span> <span class='ocrx_word' id='word_1_86' title='bbox 684 2941 758 3039; x_wconf 95' lang='lat' dir='ltr'>ipsi</span> <span class='ocrx_word' id='word_1_87' title='bbox 781 2941 919 3016; x_wconf 88' lang='lat' dir='ltr'>bellum</span> <span class='ocrx_word' id='word_1_88' title='bbox 935 2941 974 3015; x_wconf 91' lang='lat' dir='ltr'>in</span> <span class='ocrx_word' id='word_1_89' title='bbox 994 2943 1139 3019; x_wconf 84' lang='lat' dir='ltr'>Turnas</span> <span class='ocrx_word' id='word_1_90' title='bbox 1163 2943 1325 3042; x_wconf 80' lang='lat' dir='ltr'>suscipe·</span> 
     </span>
     <span class='ocr_line' id='line_1_16' title="bbox 203 3065 1325 3168; baseline 0.001 -24"><span class='ocrx_word' id='word_1_91' title='bbox 203 3077 293 3162; x_wconf 86' lang='lat' dir='ltr'>rent,</span> <span class='ocrx_word' id='word_1_92' title='bbox 331 3077 369 3144; x_wconf 91' lang='lat' dir='ltr'>et</span> <span class='ocrx_word' id='word_1_93' title='bbox 395 3067 556 3143; x_wconf 76' lang='lat' dir='ltr'>vicium</span> <span class='ocrx_word' id='word_1_94' title='bbox 583 3065 789 3165; x_wconf 83' lang='lat' dir='ltr'>perieulum</span> <span class='ocrx_word' id='word_1_95' title='bbox 815 3066 1022 3142; x_wconf 89' lang='lat' dir='ltr'>ooniunotis</span> <span class='ocrx_word' id='word_1_96' title='bbox 1042 3068 1155 3144; x_wconf 89' lang='lat' dir='ltr'>armis</span> <span class='ocrx_word' id='word_1_97' title='bbox 1173 3067 1325 3168; x_wconf 90' lang='lat' dir='ltr'>propul-</span> 
     </span>
     <span class='ocr_line' id='line_1_17' title="bbox 204 3187 1325 3281; baseline 0 -12"><span class='ocrx_word' id='word_1_98' title='bbox 204 3201 339 3270; x_wconf 88' lang='lat' dir='ltr'>sarent</span> <span class='ocrx_word' id='word_1_99' title='bbox 360 3191 422 3269; x_wconf 84' lang='lat' dir='ltr'>Ad</span> <span class='ocrx_word' id='word_1_100' title='bbox 439 3193 534 3269; x_wconf 86' lang='lat' dir='ltr'>haee</span> <span class='ocrx_word' id='word_1_101' title='bbox 552 3190 783 3268; x_wconf 88' lang='lat' dir='ltr'>Zamoisoius</span> <span class='ocrx_word' id='word_1_102' title='bbox 802 3187 1070 3281; x_wconf 85' lang='lat' dir='ltr'>Oannellarius‚</span> <span class='ocrx_word' id='word_1_103' title='bbox 1099 3200 1138 3268; x_wconf 91' lang='lat' dir='ltr'>et</span> <span class='ocrx_word' id='word_1_104' title='bbox 1154 3192 1220 3268; x_wconf 89' lang='lat' dir='ltr'>alii</span> <span class='ocrx_word' id='word_1_105' title='bbox 1238 3218 1325 3270; x_wconf 93' lang='lat' dir='ltr'>non·</span> 
     </span>
     <span class='ocr_line' id='line_1_18' title="bbox 204 3316 1324 3417; baseline 0.003 -23"><span class='ocrx_word' id='word_1_106' title='bbox 204 3321 292 3396; x_wconf 91' lang='lat' dir='ltr'>nulli</span> <span class='ocrx_word' id='word_1_107' title='bbox 301 3317 738 3397; x_wconf 82' lang='lat' dir='ltr'>vehementeradnodum</span> <span class='ocrx_word' id='word_1_108' title='bbox 749 3316 998 3414; x_wconf 89' lang='lat' dir='ltr'>disputabant,</span> <span class='ocrx_word' id='word_1_109' title='bbox 1008 3343 1138 3417; x_wconf 85' lang='lat' dir='ltr'>paoem</span> <span class='ocrx_word' id='word_1_110' title='bbox 1147 3320 1242 3396; x_wconf 90' lang='lat' dir='ltr'>inter</span> <span class='ocrx_word' id='word_1_111' title='bbox 1254 3319 1324 3397; x_wconf 91' lang='lat' dir='ltr'>Po·</span> 
     </span>
     <span class='ocr_line' id='line_1_19' title="bbox 205 3441 1326 3540; baseline 0.004 -22"><span class='ocrx_word' id='word_1_112' title='bbox 205 3445 361 3524; x_wconf 88' lang='lat' dir='ltr'>lonoset</span> <span class='ocrx_word' id='word_1_113' title='bbox 375 3447 522 3521; x_wconf 85' lang='lat' dir='ltr'>anoas</span> <span class='ocrx_word' id='word_1_114' title='bbox 543 3441 841 3535; x_wconf 86' lang='lat' dir='ltr'>haereditariam,</span> <span class='ocrx_word' id='word_1_115' title='bbox 861 3445 1041 3540; x_wconf 81' lang='lat' dir='ltr'>quaeianr</span> <span class='ocrx_word' id='word_1_116' title='bbox 1051 3445 1326 3523; x_wconf 84' lang='lat' dir='ltr'>LXXVannos</span> 
     </span>
    </p>
   </div>
   <div class='ocr_carea' id='block_1_7' title="bbox 205 3567 1326 4807">
    <p class='ocr_par' dir='ltr' id='par_1_7' title="bbox 205 3567 1326 4807">
     <span class='ocr_line' id='line_1_20' title="bbox 205 3567 1326 3667; baseline 0.001 -21"><span class='ocrx_word' id='word_1_117' title='bbox 205 3571 378 3667; x_wconf 82' lang='lat' dir='ltr'>religiose</span> <span class='ocrx_word' id='word_1_118' title='bbox 406 3573 507 3646; x_wconf 90' lang='lat' dir='ltr'>oulta</span> <span class='ocrx_word' id='word_1_119' title='bbox 535 3576 647 3664; x_wconf 88' lang='lat' dir='ltr'>esset,</span> <span class='ocrx_word' id='word_1_120' title='bbox 678 3567 854 3665; x_wconf 78' lang='lat' dir='ltr'>deinceps</span> <span class='ocrx_word' id='word_1_121' title='bbox 883 3569 995 3643; x_wconf 90' lang='lat' dir='ltr'>etiam</span> <span class='ocrx_word' id='word_1_122' title='bbox 1019 3570 1153 3646; x_wconf 90' lang='lat' dir='ltr'>violari</span> <span class='ocrx_word' id='word_1_123' title='bbox 1171 3593 1244 3646; x_wconf 90' lang='lat' dir='ltr'>non</span> <span class='ocrx_word' id='word_1_124' title='bbox 1264 3571 1326 3647; x_wconf 92' lang='lat' dir='ltr'>de-</span> 
     </span>
     <span class='ocr_line' id='line_1_21' title="bbox 205 3692 1322 3795; baseline 0.001 -23"><span class='ocrx_word' id='word_1_125' title='bbox 205 3699 316 3774; x_wconf 90' lang='lat' dir='ltr'>bere:</span> <span class='ocrx_word' id='word_1_126' title='bbox 335 3704 372 3772; x_wconf 91' lang='lat' dir='ltr'>et</span> <span class='ocrx_word' id='word_1_127' title='bbox 391 3720 472 3771; x_wconf 86' lang='lat' dir='ltr'>oum</span> <span class='ocrx_word' id='word_1_128' title='bbox 490 3719 585 3795; x_wconf 86' lang='lat' dir='ltr'>paee</span> <span class='ocrx_word' id='word_1_129' title='bbox 604 3693 678 3769; x_wconf 85' lang='lat' dir='ltr'>frui</span> <span class='ocrx_word' id='word_1_130' title='bbox 696 3692 818 3786; x_wconf 83' lang='lat' dir='ltr'>lineat,</span> <span class='ocrx_word' id='word_1_131' title='bbox 837 3716 910 3772; x_wconf 92' lang='lat' dir='ltr'>non</span> <span class='ocrx_word' id='word_1_132' title='bbox 924 3703 1063 3771; x_wconf 85' lang='lat' dir='ltr'>temere</span> <span class='ocrx_word' id='word_1_133' title='bbox 1081 3695 1220 3771; x_wconf 89' lang='lat' dir='ltr'>bellum</span> <span class='ocrx_word' id='word_1_134' title='bbox 1248 3719 1322 3773; x_wconf 94' lang='lat' dir='ltr'>non</span> 
     </span>
     <span class='ocr_line' id='line_1_22' title="bbox 205 3819 1325 3920; baseline -0.001 -22"><span class='ocrx_word' id='word_1_135' title='bbox 205 3823 454 3900; x_wconf 85' lang='lat' dir='ltr'>neeessarium</span> <span class='ocrx_word' id='word_1_136' title='bbox 473 3822 620 3920; x_wconf 87' lang='lat' dir='ltr'>patriae</span> <span class='ocrx_word' id='word_1_137' title='bbox 640 3819 897 3896; x_wconf 86' lang='lat' dir='ltr'>attrahendum</span> <span class='ocrx_word' id='word_1_138' title='bbox 916 3821 1045 3898; x_wconf 87' lang='lat' dir='ltr'>videri.</span> <span class='ocrx_word' id='word_1_139' title='bbox 1062 3822 1139 3898; x_wconf 86' lang='lat' dir='ltr'>Alii</span> <span class='ocrx_word' id='word_1_140' title='bbox 1148 3821 1325 3913; x_wconf 78' lang='lat' dir='ltr'>vicissim,</span> 
     </span>
     <span class='ocr_line' id='line_1_23' title="bbox 206 3947 1325 4049; baseline -0.002 -22"><span class='ocrx_word' id='word_1_141' title='bbox 206 3953 267 4049; x_wconf 90' lang='lat' dir='ltr'>qui</span> <span class='ocrx_word' id='word_1_142' title='bbox 287 3949 493 4026; x_wconf 75' lang='lat' dir='ltr'>Christiani</span> <span class='ocrx_word' id='word_1_143' title='bbox 512 3948 670 4024; x_wconf 91' lang='lat' dir='ltr'>nominis</span> <span class='ocrx_word' id='word_1_144' title='bbox 691 3947 935 4024; x_wconf 87' lang='lat' dir='ltr'>studiosiores</span> <span class='ocrx_word' id='word_1_145' title='bbox 954 3957 1071 4042; x_wconf 87' lang='lat' dir='ltr'>erant,</span> <span class='ocrx_word' id='word_1_146' title='bbox 1099 3972 1208 4046; x_wconf 91' lang='lat' dir='ltr'>quam</span> <span class='ocrx_word' id='word_1_147' title='bbox 1226 3949 1325 4025; x_wconf 84' lang='lat' dir='ltr'>Tur-</span> 
     </span>
     <span class='ocr_line' id='line_1_24' title="bbox 210 4074 1325 4174; baseline 0 -24"><span class='ocrx_word' id='word_1_148' title='bbox 210 4078 290 4166; x_wconf 87' lang='lat' dir='ltr'>nioi,</span> <span class='ocrx_word' id='word_1_149' title='bbox 328 4075 552 4152; x_wconf 84' lang='lat' dir='ltr'>eontrarium</span> <span class='ocrx_word' id='word_1_150' title='bbox 590 4074 813 4166; x_wconf 85' lang='lat' dir='ltr'>statuebant,</span> <span class='ocrx_word' id='word_1_151' title='bbox 843 4097 997 4173; x_wconf 86' lang='lat' dir='ltr'>eumque</span> <span class='ocrx_word' id='word_1_152' title='bbox 1023 4083 1100 4151; x_wconf 84' lang='lat' dir='ltr'>tam</span> <span class='ocrx_word' id='word_1_153' title='bbox 1118 4075 1325 4174; x_wconf 85' lang='lat' dir='ltr'>proximum</span> 
     </span>
     <span class='ocr_line' id='line_1_25' title="bbox 206 4199 1326 4300; baseline -0.002 -22"><span class='ocrx_word' id='word_1_154' title='bbox 206 4202 406 4300; x_wconf 83' lang='lat' dir='ltr'>perieulum</span> <span class='ocrx_word' id='word_1_155' title='bbox 425 4201 573 4299; x_wconf 88' lang='lat' dir='ltr'>patriae</span> <span class='ocrx_word' id='word_1_156' title='bbox 592 4199 974 4298; x_wconf 85' lang='lat' dir='ltr'>aperfidisBarbaris</span> <span class='ocrx_word' id='word_1_157' title='bbox 992 4201 1206 4294; x_wconf 81' lang='lat' dir='ltr'>immineret,</span> <span class='ocrx_word' id='word_1_158' title='bbox 1221 4224 1326 4277; x_wconf 65' lang='lat' dir='ltr'>uma</span> 
     </span>
     <span class='ocr_line' id='line_1_26' title="bbox 207 4324 1326 4426; baseline -0.001 -24"><span class='ocrx_word' id='word_1_159' title='bbox 207 4351 286 4404; x_wconf 89' lang='lat' dir='ltr'>oum</span> <span class='ocrx_word' id='word_1_160' title='bbox 306 4328 459 4426; x_wconf 86' lang='lat' dir='ltr'>reliquis</span> <span class='ocrx_word' id='word_1_161' title='bbox 479 4325 705 4403; x_wconf 81' lang='lat' dir='ltr'>Christianis</span> <span class='ocrx_word' id='word_1_162' title='bbox 724 4324 962 4424; x_wconf 76' lang='lat' dir='ltr'>Principibus</span> <span class='ocrx_word' id='word_1_163' title='bbox 976 4326 1326 4424; x_wconf 84' lang='lat' dir='ltr'>noniungendaoen·</span> 
     </span>
     <span class='ocr_line' id='line_1_27' title="bbox 207 4452 1326 4552; baseline -0.002 -22"><span class='ocrx_word' id='word_1_164' title='bbox 207 4455 347 4546; x_wconf 79' lang='lat' dir='ltr'>nebant,</span> <span class='ocrx_word' id='word_1_165' title='bbox 383 4453 604 4552; x_wconf 86' lang='lat' dir='ltr'>praesertim</span> <span class='ocrx_word' id='word_1_166' title='bbox 643 4475 724 4526; x_wconf 89' lang='lat' dir='ltr'>eum</span> <span class='ocrx_word' id='word_1_167' title='bbox 760 4459 837 4527; x_wconf 91' lang='lat' dir='ltr'>tam</span> <span class='ocrx_word' id='word_1_168' title='bbox 865 4473 979 4550; x_wconf 84' lang='lat' dir='ltr'>saepe</span> <span class='ocrx_word' id='word_1_169' title='bbox 999 4452 1166 4528; x_wconf 87' lang='lat' dir='ltr'>Barbari</span> <span class='ocrx_word' id='word_1_170' title='bbox 1194 4452 1326 4531; x_wconf 82' lang='lat' dir='ltr'>foedus</span> 
     </span>
     <span class='ocr_line' id='line_1_28' title="bbox 207 4576 1323 4672; baseline -0.001 -17"><span class='ocrx_word' id='word_1_171' title='bbox 207 4579 299 4656; x_wconf 88' lang='lat' dir='ltr'>illud</span> <span class='ocrx_word' id='word_1_172' title='bbox 316 4579 439 4655; x_wconf 87' lang='lat' dir='ltr'>multis</span> <span class='ocrx_word' id='word_1_173' title='bbox 471 4578 589 4654; x_wconf 90' lang='lat' dir='ltr'>modis</span> <span class='ocrx_word' id='word_1_174' title='bbox 617 4577 804 4666; x_wconf 82' lang='lat' dir='ltr'>violarint,</span> <span class='ocrx_word' id='word_1_175' title='bbox 844 4600 888 4652; x_wconf 87' lang='lat' dir='ltr'>ae</span> <span class='ocrx_word' id='word_1_176' title='bbox 909 4579 1065 4655; x_wconf 87' lang='lat' dir='ltr'>devietis</span> <span class='ocrx_word' id='word_1_177' title='bbox 1086 4576 1323 4672; x_wconf 79' lang='lat' dir='ltr'>Christianis,</span> 
     </span>
     <span class='ocr_line' id='line_1_29' title="bbox 207 4703 1326 4807; baseline -0.004 -21"><span class='ocrx_word' id='word_1_178' title='bbox 207 4731 252 4786; x_wconf 84' lang='lat' dir='ltr'>ne</span> <span class='ocrx_word' id='word_1_179' title='bbox 270 4703 423 4780; x_wconf 87' lang='lat' dir='ltr'>Polonis</span> <span class='ocrx_word' id='word_1_180' title='bbox 450 4703 598 4807; x_wconf 88' lang='lat' dir='ltr'>quidem</span> <span class='ocrx_word' id='word_1_181' title='bbox 627 4705 775 4784; x_wconf 82' lang='lat' dir='ltr'>Turoae</span> <span class='ocrx_word' id='word_1_182' title='bbox 800 4711 911 4807; x_wconf 88' lang='lat' dir='ltr'>atque</span> <span class='ocrx_word' id='word_1_183' title='bbox 940 4705 1093 4784; x_wconf 83' lang='lat' dir='ltr'>Tartari</span> <span class='ocrx_word' id='word_1_184' title='bbox 1120 4705 1230 4782; x_wconf 89' lang='lat' dir='ltr'>tidem</span> <span class='ocrx_word' id='word_1_185' title='bbox 1249 4728 1326 4785; x_wconf 82' lang='lat' dir='ltr'>ser·</span> 
     </span>
    </p>
   </div>
   <div class='ocr_carea' id='block_1_8' title="bbox 0 0 1830 5534">
    <p class='ocr_par' dir='ltr' id='par_1_8' title="bbox 0 0 1830 5534">
     <span class='ocr_line' id='line_1_30' title="bbox 0 0 1830 5534; baseline 0 0"><span class='ocrx_word' id='word_1_186' title='bbox 0 0 1830 5534; x_wconf 95' lang='lat' dir='ltr'> </span> 
     </span>
    </p>
   </div>
  </div>
 </body>
</html>
