<?xml version="1.0" encoding="UTF-8"?>
<!DOCTYPE html PUBLIC "-//W3C//DTD XHTML 1.0 Transitional//EN"
    "http://www.w3.org/TR/xhtml1/DTD/xhtml1-transitional.dtd">
<html xmlns="http://www.w3.org/1999/xhtml" xml:lang="en" lang="en">
 <head>
  <title>
</title>
<meta http-equiv="Content-Type" content="text/html;charset=utf-8" />
  <meta name='ocr-system' content='tesseract 3.04.00' />
  <meta name='ocr-capabilities' content='ocr_page ocr_carea ocr_par ocr_line ocrx_word'/>
</head>
<body>
  <div class='ocr_page' id='page_1' title='image "./magyarhistorija00decsgoog_0118.png"; bbox 0 0 3625 5534; ppageno 0'>
   <div class='ocr_carea' id='block_1_1' title="bbox 485 495 1215 574">
    <p class='ocr_par' dir='ltr' id='par_1_1' title="bbox 485 495 1215 574">
     <span class='ocr_line' id='line_1_1' title="bbox 485 495 1215 574; baseline 0.012 -17"><span class='ocrx_word' id='word_1_1' title='bbox 485 495 537 574; x_wconf 85' lang='lat'><strong>30</strong></span> <span class='ocrx_word' id='word_1_2' title='bbox 876 511 925 564; x_wconf 79' lang='grc' dir='ltr'><strong>ιο.</strong></span> <span class='ocrx_word' id='word_1_3' title='bbox 947 511 1048 565; x_wconf 85' lang='lat' dir='ltr'><strong>nncn</strong></span> <span class='ocrx_word' id='word_1_4' title='bbox 1067 513 1215 566; x_wconf 77' lang='lat' dir='ltr'><strong>nsnovn</strong></span> 
     </span>
    </p>
   </div>
   <div class='ocr_carea' id='block_1_2' title="bbox 428 687 1602 3826">
    <p class='ocr_par' dir='ltr' id='par_1_2' title="bbox 428 687 1602 3826">
     <span class='ocr_line' id='line_1_2' title="bbox 481 687 1602 795; baseline -0.002 -24"><span class='ocrx_word' id='word_1_5' title='bbox 481 696 518 771; x_wconf 90' lang='lat' dir='ltr'><strong>id</strong></span> <span class='ocrx_word' id='word_1_6' title='bbox 536 717 602 771; x_wconf 92' lang='lat' dir='ltr'><strong>eos</strong></span> <span class='ocrx_word' id='word_1_7' title='bbox 621 716 689 795; x_wconf 90' lang='lat' dir='ltr'><strong>pro</strong></span> <span class='ocrx_word' id='word_1_8' title='bbox 707 714 821 769; x_wconf 89' lang='lat' dir='ltr'><strong>causa</strong></span> <span class='ocrx_word' id='word_1_9' title='bbox 839 688 964 765; x_wconf 85' lang='lat' dir='ltr'><strong>statim</strong></span> <span class='ocrx_word' id='word_1_10' title='bbox 994 713 1058 765; x_wconf 85' lang='lat' dir='ltr'><strong>cur</strong></span> <span class='ocrx_word' id='word_1_11' title='bbox 1077 715 1100 766; x_wconf 91' lang='lat' dir='ltr'><strong>a</strong></span> <span class='ocrx_word' id='word_1_12' title='bbox 1118 687 1238 789; x_wconf 88' lang='lat' dir='ltr'><strong>pactis</strong></span> <span class='ocrx_word' id='word_1_13' title='bbox 1266 688 1453 786; x_wconf 79' lang='lat' dir='ltr'><strong>resiliant,</strong></span> <span class='ocrx_word' id='word_1_14' title='bbox 1475 715 1602 791; x_wconf 80' lang='lat' dir='ltr'><strong>arrep-</strong></span> 
     </span>
     <span class='ocr_line' id='line_1_3' title="bbox 480 814 1600 916; baseline -0.004 -18"><span class='ocrx_word' id='word_1_15' title='bbox 480 829 593 898; x_wconf 88' lang='lat' dir='ltr'><strong>turos.</strong></span> <span class='ocrx_word' id='word_1_16' title='bbox 623 822 761 897; x_wconf 87' lang='lat' dir='ltr'><strong>Verum</strong></span> <span class='ocrx_word' id='word_1_17' title='bbox 788 841 813 892; x_wconf 89' lang='lat' dir='ltr'><strong>a</strong></span> <span class='ocrx_word' id='word_1_18' title='bbox 838 814 1129 915; x_wconf 82' lang='lat' dir='ltr'>provectioribus</span> <span class='ocrx_word' id='word_1_19' title='bbox 1154 823 1286 909; x_wconf 85' lang='lat' dir='ltr'><strong>aetate,</strong></span> <span class='ocrx_word' id='word_1_20' title='bbox 1315 840 1458 916; x_wconf 87' lang='lat' dir='ltr'><strong>usuque</strong></span> <span class='ocrx_word' id='word_1_21' title='bbox 1477 841 1600 894; x_wconf 90' lang='lat' dir='ltr'><strong>rernm</strong></span> 
     </span>
     <span class='ocr_line' id='line_1_4' title="bbox 482 942 1602 1043; baseline -0.002 -21"><span class='ocrx_word' id='word_1_22' title='bbox 482 946 814 1036; x_wconf 81' lang='lat' dir='ltr'><strong>exercitatioribus,</strong></span> <span class='ocrx_word' id='word_1_23' title='bbox 825 942 1117 1019; x_wconf 90' lang='lat' dir='ltr'><strong>animadversum</strong></span> <span class='ocrx_word' id='word_1_24' title='bbox 1127 949 1259 1041; x_wconf 91' lang='lat' dir='ltr'><strong>postea</strong></span> <span class='ocrx_word' id='word_1_25' title='bbox 1277 943 1355 1037; x_wconf 84' lang='lat' dir='ltr'><strong>luit,</strong></span> <span class='ocrx_word' id='word_1_26' title='bbox 1375 951 1412 1020; x_wconf 89' lang='lat' dir='ltr'><strong>ct</strong></span> <span class='ocrx_word' id='word_1_27' title='bbox 1430 969 1485 1038; x_wconf 87' lang='lat' dir='ltr'><strong>ea,</strong></span> <span class='ocrx_word' id='word_1_28' title='bbox 1506 967 1602 1043; x_wconf 87' lang='lat' dir='ltr'><strong>quae</strong></span> 
     </span>
     <span class='ocr_line' id='line_1_5' title="bbox 481 1067 1601 1168; baseline -0.006 -16"><span class='ocrx_word' id='word_1_29' title='bbox 481 1077 520 1151; x_wconf 91' lang='lat' dir='ltr'><strong>in</strong></span> <span class='ocrx_word' id='word_1_30' title='bbox 536 1075 656 1152; x_wconf 90' lang='lat' dir='ltr'><strong>literis</strong></span> <span class='ocrx_word' id='word_1_31' title='bbox 675 1070 852 1149; x_wconf 77' lang='lat' dir='ltr'>Caesaris</span> <span class='ocrx_word' id='word_1_32' title='bbox 873 1076 1009 1164; x_wconf 84' lang='lat' dir='ltr'><strong>essent,</strong></span> <span class='ocrx_word' id='word_1_33' title='bbox 1028 1076 1065 1144; x_wconf 89' lang='lat' dir='ltr'><strong>et</strong></span> <span class='ocrx_word' id='word_1_34' title='bbox 1084 1070 1195 1144; x_wconf 85' lang='lat' dir='ltr'><strong>mrdto</strong></span> <span class='ocrx_word' id='word_1_35' title='bbox 1214 1069 1344 1166; x_wconf 88' lang='lat' dir='ltr'><strong>magis,</strong></span> <span class='ocrx_word' id='word_1_36' title='bbox 1364 1093 1459 1168; x_wconf 87' lang='lat' dir='ltr'><strong>qnae</strong></span> <span class='ocrx_word' id='word_1_37' title='bbox 1479 1067 1601 1146; x_wconf 82' lang='lat' dir='ltr'><strong>Oban-</strong></span> 
     </span>
     <span class='ocr_line' id='line_1_6' title="bbox 474 1175 1599 1298; baseline -0.009 -19"><span class='ocrx_word' id='word_1_38' title='bbox 474 1202 560 1279; x_wconf 82' lang='lat' dir='ltr'><strong>sius</strong></span> <span class='ocrx_word' id='word_1_39' title='bbox 579 1226 626 1278; x_wconf 81' lang='lat' dir='ltr'><strong>ex</strong></span> <span class='ocrx_word' id='word_1_40' title='bbox 645 1200 783 1298; x_wconf 90' lang='lat' dir='ltr'><strong>scripto</strong></span> <span class='ocrx_word' id='word_1_41' title='bbox 802 1197 1007 1289; x_wconf 78' lang='lat' dir='ltr'><strong>recitasset,</strong></span> <span class='ocrx_word' id='word_1_42' title='bbox 1026 1175 1218 1291; x_wconf 79' lang='lat' dir='ltr'><strong>ipsiusmet</strong></span> <span class='ocrx_word' id='word_1_43' title='bbox 1236 1195 1469 1291; x_wconf 89' lang='lat' dir='ltr'><strong>Mahometis,</strong></span> <span class='ocrx_word' id='word_1_44' title='bbox 1489 1204 1528 1272; x_wconf 88' lang='lat' dir='ltr'><strong>ct</strong></span> <span class='ocrx_word' id='word_1_45' title='bbox 1547 1196 1599 1270; x_wconf 87' lang='lat' dir='ltr'><strong>al·</strong></span> 
     </span>
     <span class='ocr_line' id='line_1_7' title="bbox 462 1320 1599 1428; baseline -0.004 -26"><span class='ocrx_word' id='word_1_46' title='bbox 462 1329 595 1405; x_wconf 70' lang='lat' dir='ltr'><strong>terius</strong></span> <span class='ocrx_word' id='word_1_47' title='bbox 613 1327 793 1428; x_wconf 82' lang='lat' dir='ltr'><strong>perfugae</strong></span> <span class='ocrx_word' id='word_1_48' title='bbox 811 1321 981 1416; x_wconf 89' lang='lat' dir='ltr'><strong>lbraimi,</strong></span> <span class='ocrx_word' id='word_1_49' title='bbox 1010 1320 1200 1419; x_wconf 89' lang='lat' dir='ltr'><strong>utriusque</strong></span> <span class='ocrx_word' id='word_1_50' title='bbox 1217 1320 1293 1396; x_wconf 90' lang='lat' dir='ltr'><strong>iam</strong></span> <span class='ocrx_word' id='word_1_51' title='bbox 1319 1323 1461 1422; x_wconf 86' lang='lat' dir='ltr'><strong>pridem</strong></span> <span class='ocrx_word' id='word_1_52' title='bbox 1489 1322 1599 1400; x_wconf 90' lang='lat' dir='ltr'><strong>iurati</strong></span> 
     </span>
     <span class='ocr_line' id='line_1_8' title="bbox 480 1447 1601 1542; baseline -0.006 -13"><span class='ocrx_word' id='word_1_53' title='bbox 480 1476 629 1531; x_wconf 88' lang='lat' dir='ltr'><strong>suornm</strong></span> <span class='ocrx_word' id='word_1_54' title='bbox 645 1450 764 1527; x_wconf 89' lang='lat' dir='ltr'><strong>hostis</strong></span> <span class='ocrx_word' id='word_1_55' title='bbox 782 1449 978 1540; x_wconf 88' lang='lat' dir='ltr'><strong>instinctu,</strong></span> <span class='ocrx_word' id='word_1_56' title='bbox 1003 1453 1041 1521; x_wconf 87' lang='lat' dir='ltr'><strong>et</strong></span> <span class='ocrx_word' id='word_1_57' title='bbox 1058 1447 1298 1542; x_wconf 85' lang='lat' dir='ltr'><strong>suggestione</strong></span> <span class='ocrx_word' id='word_1_58' title='bbox 1317 1447 1455 1524; x_wconf 82' lang='lat' dir='ltr'><strong>dietata</strong></span> <span class='ocrx_word' id='word_1_59' title='bbox 1472 1447 1601 1538; x_wconf 85' lang='lat' dir='ltr'><strong>fnisse,</strong></span> 
     </span>
     <span class='ocr_line' id='line_1_9' title="bbox 428 1572 1589 1678; baseline -0.007 -23"><span class='ocrx_word' id='word_1_60' title='bbox 428 1579 432 1586; x_wconf 82' lang='grc'><strong>’</strong></span> <span class='ocrx_word' id='word_1_61' title='bbox 479 1581 636 1678; x_wconf 86' lang='lat' dir='ltr'><strong>ideoque</strong></span> <span class='ocrx_word' id='word_1_62' title='bbox 656 1577 768 1678; x_wconf 87' lang='lat' dir='ltr'><strong>spatii</strong></span> <span class='ocrx_word' id='word_1_63' title='bbox 786 1598 871 1653; x_wconf 91' lang='lat' dir='ltr'><strong>esse</strong></span> <span class='ocrx_word' id='word_1_64' title='bbox 888 1572 1028 1673; x_wconf 88' lang='lat' dir='ltr'><strong>aliquid</strong></span> <span class='ocrx_word' id='word_1_65' title='bbox 1041 1573 1355 1673; x_wconf 89' lang='lat' dir='ltr'><strong>interponendum,</strong></span> <span class='ocrx_word' id='word_1_66' title='bbox 1374 1574 1589 1673; x_wconf 85' lang='lat' dir='ltr'><strong>quomelius</strong></span> 
     </span>
     <span class='ocr_line' id='line_1_10' title="bbox 482 1699 1598 1806; baseline -0.008 -24"><span class='ocrx_word' id='word_1_67' title='bbox 482 1707 570 1806; x_wconf 85' lang='lat' dir='ltr'><strong>quid</strong></span> <span class='ocrx_word' id='word_1_68' title='bbox 588 1706 686 1781; x_wconf 86' lang='lat' dir='ltr'><strong>facto</strong></span> <span class='ocrx_word' id='word_1_69' title='bbox 706 1725 798 1802; x_wconf 93' lang='lat' dir='ltr'><strong>opus</strong></span> <span class='ocrx_word' id='word_1_70' title='bbox 818 1709 930 1793; x_wconf 87' lang='lat' dir='ltr'><strong>esset,</strong></span> <span class='ocrx_word' id='word_1_71' title='bbox 949 1699 1111 1798; x_wconf 80' lang='lat' dir='ltr'><strong>perspici</strong></span> <span class='ocrx_word' id='word_1_72' title='bbox 1128 1700 1292 1794; x_wconf 87' lang='lat' dir='ltr'><strong>tandem,</strong></span> <span class='ocrx_word' id='word_1_73' title='bbox 1312 1702 1497 1800; x_wconf 87' lang='lat' dir='ltr'><strong>statuique</strong></span> <span class='ocrx_word' id='word_1_74' title='bbox 1512 1721 1598 1799; x_wconf 94' lang='lat' dir='ltr'><strong>pos-</strong></span> 
     </span>
     <span class='ocr_line' id='line_1_11' title="bbox 480 1823 1598 1923; baseline -0.006 -18"><span class='ocrx_word' id='word_1_75' title='bbox 480 1837 549 1906; x_wconf 88' lang='lat' dir='ltr'><strong>set.</strong></span> <span class='ocrx_word' id='word_1_76' title='bbox 579 1830 675 1904; x_wconf 88' lang='lat' dir='ltr'><strong>Esse</strong></span> <span class='ocrx_word' id='word_1_77' title='bbox 705 1827 819 1920; x_wconf 88' lang='lat' dir='ltr'><strong>enim,</strong></span> <span class='ocrx_word' id='word_1_78' title='bbox 846 1825 1013 1915; x_wconf 82' lang='lat' dir='ltr'><strong>aiebant,</strong></span> <span class='ocrx_word' id='word_1_79' title='bbox 1045 1823 1084 1900; x_wconf 89' lang='lat' dir='ltr'><strong>in</strong></span> <span class='ocrx_word' id='word_1_80' title='bbox 1113 1826 1199 1900; x_wconf 87' lang='lat' dir='ltr'><strong>aula</strong></span> <span class='ocrx_word' id='word_1_81' title='bbox 1227 1823 1402 1902; x_wconf 79' lang='lat' dir='ltr'><strong>Caesaris</strong></span> <span class='ocrx_word' id='word_1_82' title='bbox 1430 1826 1598 1923; x_wconf 84' lang='lat' dir='ltr'><strong>Legatos</strong></span> 
     </span>
     <span class='ocr_line' id='line_1_12' title="bbox 480 1948 1598 2056; baseline -0.007 -23"><span class='ocrx_word' id='word_1_83' title='bbox 480 1956 663 2056; x_wconf 91' lang='lat' dir='ltr'><strong>Principis</strong></span> <span class='ocrx_word' id='word_1_84' title='bbox 681 1955 784 2030; x_wconf 88' lang='lat' dir='ltr'><strong>viros</strong></span> <span class='ocrx_word' id='word_1_85' title='bbox 802 1951 1022 2042; x_wconf 88' lang='lat' dir='ltr'><strong>industrios,</strong></span> <span class='ocrx_word' id='word_1_86' title='bbox 1054 1948 1116 2048; x_wconf 90' lang='lat' dir='ltr'><strong>qni</strong></span> <span class='ocrx_word' id='word_1_87' title='bbox 1135 1948 1234 2026; x_wconf 90' lang='lat' dir='ltr'><strong>baud</strong></span> <span class='ocrx_word' id='word_1_88' title='bbox 1254 1951 1362 2028; x_wconf 88' lang='lat' dir='ltr'><strong>dubie</strong></span> <span class='ocrx_word' id='word_1_89' title='bbox 1391 1974 1533 2031; x_wconf 92' lang='lat' dir='ltr'><strong>summa</strong></span> <span class='ocrx_word' id='word_1_90' title='bbox 1561 1951 1598 2025; x_wconf 86' lang='lat' dir='ltr'><strong>vi</strong></span> 
     </span>
     <span class='ocr_line' id='line_1_13' title="bbox 478 2075 1597 2178; baseline -0.003 -19"><span class='ocrx_word' id='word_1_91' title='bbox 478 2083 859 2176; x_wconf 87' lang='lat' dir='ltr'><strong>annitterentnr,utet,</strong></span> <span class='ocrx_word' id='word_1_92' title='bbox 870 2075 1246 2177; x_wconf 85' lang='lat' dir='ltr'><strong>quacibiagerentnr,</strong></span> <span class='ocrx_word' id='word_1_93' title='bbox 1266 2087 1452 2178; x_wconf 87' lang='lat' dir='ltr'><strong>etquanta</strong></span> <span class='ocrx_word' id='word_1_94' title='bbox 1470 2079 1597 2157; x_wconf 85' lang='lat' dir='ltr'><strong>Oban-</strong></span> 
     </span>
     <span class='ocr_line' id='line_1_14' title="bbox 478 2203 1596 2306; baseline -0.002 -20"><span class='ocrx_word' id='word_1_95' title='bbox 478 2210 534 2286; x_wconf 92' lang='lat' dir='ltr'><strong>sio</strong></span> <span class='ocrx_word' id='word_1_96' title='bbox 561 2210 654 2286; x_wconf 89' lang='lat' dir='ltr'><strong>fides</strong></span> <span class='ocrx_word' id='word_1_97' title='bbox 682 2207 859 2284; x_wconf 72' lang='lat' dir='ltr'><strong>habenda</strong></span> <span class='ocrx_word' id='word_1_98' title='bbox 881 2213 998 2298; x_wconf 88' lang='lat' dir='ltr'><strong>esset,</strong></span> <span class='ocrx_word' id='word_1_99' title='bbox 1026 2203 1132 2280; x_wconf 88' lang='lat' dir='ltr'><strong>brevi</strong></span> <span class='ocrx_word' id='word_1_100' title='bbox 1157 2227 1225 2302; x_wconf 89' lang='lat' dir='ltr'><strong>per</strong></span> <span class='ocrx_word' id='word_1_101' title='bbox 1252 2206 1382 2284; x_wconf 87' lang='lat' dir='ltr'><strong>literas</strong></span> <span class='ocrx_word' id='word_1_102' title='bbox 1410 2209 1596 2306; x_wconf 88' lang='lat' dir='ltr'><strong>signitica-</strong></span> 
     </span>
     <span class='ocr_line' id='line_1_15' title="bbox 477 2329 1595 2435; baseline -0.003 -21"><span class='ocrx_word' id='word_1_103' title='bbox 477 2346 569 2414; x_wconf 89' lang='lat' dir='ltr'><strong>rent.</strong></span> <span class='ocrx_word' id='word_1_104' title='bbox 590 2334 791 2412; x_wconf 80' lang='lat' dir='ltr'><strong>Obansium</strong></span> <span class='ocrx_word' id='word_1_105' title='bbox 811 2340 936 2412; x_wconf 86' lang='lat' dir='ltr'><strong>autem</strong></span> <span class='ocrx_word' id='word_1_106' title='bbox 951 2329 1054 2406; x_wconf 89' lang='lat' dir='ltr'><strong>abuti</strong></span> <span class='ocrx_word' id='word_1_107' title='bbox 1064 2352 1132 2406; x_wconf 90' lang='lat' dir='ltr'><strong>suo</strong></span> <span class='ocrx_word' id='word_1_108' title='bbox 1151 2353 1310 2426; x_wconf 90' lang='lat' dir='ltr'><strong>munere,</strong></span> <span class='ocrx_word' id='word_1_109' title='bbox 1328 2334 1390 2410; x_wconf 85' lang='lat' dir='ltr'><strong>vel</strong></span> <span class='ocrx_word' id='word_1_110' title='bbox 1400 2359 1446 2411; x_wconf 82' lang='lat' dir='ltr'><strong>cx</strong></span> <span class='ocrx_word' id='word_1_111' title='bbox 1466 2359 1510 2412; x_wconf 92' lang='lat' dir='ltr'><strong>eo</strong></span> <span class='ocrx_word' id='word_1_112' title='bbox 1530 2359 1595 2435; x_wconf 87' lang='lat' dir='ltr'><strong>pa-</strong></span> 
     </span>
     <span class='ocr_line' id='line_1_16' title="bbox 474 2453 1596 2562; baseline -0.002 -24"><span class='ocrx_word' id='word_1_113' title='bbox 474 2471 564 2558; x_wconf 91' lang='lat' dir='ltr'><strong>tere,</strong></span> <span class='ocrx_word' id='word_1_114' title='bbox 583 2464 681 2562; x_wconf 89' lang='lat' dir='ltr'><strong>quod</strong></span> <span class='ocrx_word' id='word_1_115' title='bbox 699 2461 813 2540; x_wconf 90' lang='lat' dir='ltr'><strong>moris</strong></span> <span class='ocrx_word' id='word_1_116' title='bbox 831 2482 905 2535; x_wconf 90' lang='lat' dir='ltr'><strong>non</strong></span> <span class='ocrx_word' id='word_1_117' title='bbox 925 2464 1025 2534; x_wconf 91' lang='lat' dir='ltr'><strong>esset</strong></span> <span class='ocrx_word' id='word_1_118' title='bbox 1043 2453 1238 2554; x_wconf 78' lang='lat' dir='ltr'><strong>Caesaris,</strong></span> <span class='ocrx_word' id='word_1_119' title='bbox 1262 2457 1381 2536; x_wconf 91' lang='lat' dir='ltr'><strong>literis</strong></span> <span class='ocrx_word' id='word_1_120' title='bbox 1401 2463 1596 2561; x_wconf 87' lang='lat' dir='ltr'><strong>quiequam</strong></span> 
     </span>
     <span class='ocr_line' id='line_1_17' title="bbox 477 2583 1594 2684; baseline -0.002 -18"><span class='ocrx_word' id='word_1_121' title='bbox 477 2591 625 2684; x_wconf 88' lang='lat' dir='ltr'><strong>addere,</strong></span> <span class='ocrx_word' id='word_1_122' title='bbox 645 2612 726 2665; x_wconf 89' lang='lat' dir='ltr'><strong>oum</strong></span> <span class='ocrx_word' id='word_1_123' title='bbox 743 2585 831 2679; x_wconf 91' lang='lat' dir='ltr'><strong>illis,</strong></span> <span class='ocrx_word' id='word_1_124' title='bbox 851 2584 975 2682; x_wconf 83' lang='lat' dir='ltr'><strong>quiite</strong></span> <span class='ocrx_word' id='word_1_125' title='bbox 993 2583 1234 2678; x_wconf 89' lang='lat' dir='ltr'><strong>mitterentur,</strong></span> <span class='ocrx_word' id='word_1_126' title='bbox 1244 2584 1283 2659; x_wconf 90' lang='lat' dir='ltr'><strong>id</strong></span> <span class='ocrx_word' id='word_1_127' title='bbox 1302 2593 1442 2665; x_wconf 88' lang='lat' dir='ltr'><strong>tantum</strong></span> <span class='ocrx_word' id='word_1_128' title='bbox 1459 2589 1594 2667; x_wconf 90' lang='lat' dir='ltr'><strong>inonm-</strong></span> 
     </span>
     <span class='ocr_line' id='line_1_18' title="bbox 475 2711 1592 2813; baseline -0.002 -19"><span class='ocrx_word' id='word_1_129' title='bbox 475 2719 590 2810; x_wconf 90' lang='lat' dir='ltr'><strong>beret,</strong></span> <span class='ocrx_word' id='word_1_130' title='bbox 607 2725 648 2794; x_wconf 93' lang='lat' dir='ltr'><strong>ut</strong></span> <span class='ocrx_word' id='word_1_131' title='bbox 665 2714 887 2792; x_wconf 86' lang='lat' dir='ltr'><strong>tabelliones</strong></span> <span class='ocrx_word' id='word_1_132' title='bbox 905 2711 1096 2786; x_wconf 84' lang='lat' dir='ltr'><strong>literarum</strong></span> <span class='ocrx_word' id='word_1_133' title='bbox 1122 2733 1194 2786; x_wconf 91' lang='lat' dir='ltr'><strong>non</strong></span> <span class='ocrx_word' id='word_1_134' title='bbox 1214 2712 1437 2813; x_wconf 91' lang='lat' dir='ltr'><strong>interpretes</strong></span> <span class='ocrx_word' id='word_1_135' title='bbox 1457 2727 1592 2795; x_wconf 86' lang='lat' dir='ltr'><strong>essent.</strong></span> 
     </span>
     <span class='ocr_line' id='line_1_19' title="bbox 476 2838 1593 2939; baseline -0.003 -16"><span class='ocrx_word' id='word_1_136' title='bbox 476 2844 594 2938; x_wconf 82' lang='lat' dir='ltr'><strong>Quam</strong></span> <span class='ocrx_word' id='word_1_137' title='bbox 613 2868 691 2922; x_wconf 91' lang='lat' dir='ltr'><strong>rem</strong></span> <span class='ocrx_word' id='word_1_138' title='bbox 708 2845 762 2918; x_wconf 89' lang='lat' dir='ltr'><strong>ita</strong></span> <span class='ocrx_word' id='word_1_139' title='bbox 771 2865 813 2917; x_wconf 90' lang='lat' dir='ltr'><strong>se</strong></span> <span class='ocrx_word' id='word_1_140' title='bbox 832 2839 982 2933; x_wconf 90' lang='lat' dir='ltr'><strong>babere,</strong></span> <span class='ocrx_word' id='word_1_141' title='bbox 996 2838 1190 2937; x_wconf 87' lang='lat' dir='ltr'><strong>ipsiusmet</strong></span> <span class='ocrx_word' id='word_1_142' title='bbox 1203 2849 1335 2939; x_wconf 89' lang='lat' dir='ltr'><strong>postea</strong></span> <span class='ocrx_word' id='word_1_143' title='bbox 1346 2839 1593 2921; x_wconf 83' lang='lat' dir='ltr'><strong>Obausiicon-</strong></span> 
     </span>
     <span class='ocr_line' id='line_1_20' title="bbox 472 2963 1593 3070; baseline -0.001 -23"><span class='ocrx_word' id='word_1_144' title='bbox 472 2972 636 3049; x_wconf 87' lang='lat' dir='ltr'><strong>lessionc</strong></span> <span class='ocrx_word' id='word_1_145' title='bbox 656 2968 840 3066; x_wconf 90' lang='lat' dir='ltr'><strong>cognitum</strong></span> <span class='ocrx_word' id='word_1_146' title='bbox 862 2964 950 3058; x_wconf 86' lang='lat' dir='ltr'><strong>fnit,</strong></span> <span class='ocrx_word' id='word_1_147' title='bbox 970 2963 1028 3040; x_wconf 92' lang='lat' dir='ltr'><strong>cni</strong></span> <span class='ocrx_word' id='word_1_148' title='bbox 1047 2987 1127 3039; x_wconf 93' lang='lat' dir='ltr'><strong>cnm</strong></span> <span class='ocrx_word' id='word_1_149' title='bbox 1144 2964 1342 3044; x_wconf 88' lang='lat' dir='ltr'><strong>indicatum</strong></span> <span class='ocrx_word' id='word_1_150' title='bbox 1363 2978 1482 3065; x_wconf 88' lang='lat' dir='ltr'><strong>esset,</strong></span> <span class='ocrx_word' id='word_1_151' title='bbox 1503 2995 1593 3070; x_wconf 90' lang='lat' dir='ltr'><strong>qno-</strong></span> 
     </span>
     <span class='ocr_line' id='line_1_21' title="bbox 475 3091 1593 3195; baseline -0.001 -22"><span class='ocrx_word' id='word_1_152' title='bbox 475 3100 580 3176; x_wconf 92' lang='lat' dir='ltr'><strong>modo</strong></span> <span class='ocrx_word' id='word_1_153' title='bbox 611 3121 653 3174; x_wconf 94' lang='lat' dir='ltr'><strong>se</strong></span> <span class='ocrx_word' id='word_1_154' title='bbox 673 3095 874 3195; x_wconf 84' lang='lat' dir='ltr'><strong>gessisset,</strong></span> <span class='ocrx_word' id='word_1_155' title='bbox 903 3102 941 3169; x_wconf 91' lang='lat' dir='ltr'><strong>et</strong></span> <span class='ocrx_word' id='word_1_156' title='bbox 960 3115 1053 3190; x_wconf 87' lang='lat' dir='ltr'><strong>qnae</strong></span> <span class='ocrx_word' id='word_1_157' title='bbox 1082 3091 1184 3168; x_wconf 88' lang='lat' dir='ltr'><strong>illum</strong></span> <span class='ocrx_word' id='word_1_158' title='bbox 1212 3118 1332 3193; x_wconf 88' lang='lat' dir='ltr'><strong>poena</strong></span> <span class='ocrx_word' id='word_1_159' title='bbox 1356 3107 1540 3191; x_wconf 90' lang='lat' dir='ltr'><strong>maneret,</strong></span> <span class='ocrx_word' id='word_1_160' title='bbox 1560 3099 1593 3174; x_wconf 89' lang='lat' dir='ltr'><strong>si</strong></span> 
     </span>
     <span class='ocr_line' id='line_1_22' title="bbox 474 3216 1591 3324; baseline -0.002 -23"><span class='ocrx_word' id='word_1_161' title='bbox 474 3225 614 3324; x_wconf 90' lang='lat' dir='ltr'><strong>scripta</strong></span> <span class='ocrx_word' id='word_1_162' title='bbox 631 3224 750 3324; x_wconf 90' lang='lat' dir='ltr'><strong>ipsius</strong></span> <span class='ocrx_word' id='word_1_163' title='bbox 768 3223 806 3296; x_wconf 93' lang='lat' dir='ltr'><strong>in</strong></span> <span class='ocrx_word' id='word_1_164' title='bbox 824 3240 954 3295; x_wconf 88' lang='lat' dir='ltr'><strong>manus</strong></span> <span class='ocrx_word' id='word_1_165' title='bbox 983 3216 1160 3294; x_wconf 81' lang='lat' dir='ltr'><strong>Caesaris</strong></span> <span class='ocrx_word' id='word_1_166' title='bbox 1189 3243 1268 3296; x_wconf 90' lang='lat' dir='ltr'><strong>cnm</strong></span> <span class='ocrx_word' id='word_1_167' title='bbox 1297 3225 1591 3320; x_wconf 85' lang='lat' dir='ltr'><strong>expostulatione</strong></span> 
     </span>
     <span class='ocr_line' id='line_1_23' title="bbox 473 3327 1591 3450; baseline 0.001 -26"><span class='ocrx_word' id='word_1_168' title='bbox 473 3351 657 3450; x_wconf 92' lang='lat' dir='ltr'><strong>Principis</strong></span> <span class='ocrx_word' id='word_1_169' title='bbox 681 3347 945 3448; x_wconf 88' lang='lat' dir='ltr'><strong>pervenirent:</strong></span> <span class='ocrx_word' id='word_1_170' title='bbox 972 3327 1032 3420; x_wconf 87' lang='lat' dir='ltr'><strong>ire</strong></span> <span class='ocrx_word' id='word_1_171' title='bbox 1047 3344 1190 3422; x_wconf 89' lang='lat' dir='ltr'><strong>inficias</strong></span> <span class='ocrx_word' id='word_1_172' title='bbox 1210 3370 1282 3422; x_wconf 94' lang='lat' dir='ltr'><strong>non</strong></span> <span class='ocrx_word' id='word_1_173' title='bbox 1300 3351 1436 3448; x_wconf 89' lang='lat' dir='ltr'><strong>potuit,</strong></span> <span class='ocrx_word' id='word_1_174' title='bbox 1465 3351 1591 3450; x_wconf 89' lang='lat' dir='ltr'><strong>insipi-</strong></span> 
     </span>
     <span class='ocr_line' id='line_1_24' title="bbox 474 3472 1589 3577; baseline -0.002 -24"><span class='ocrx_word' id='word_1_175' title='bbox 474 3487 577 3554; x_wconf 88' lang='lat' dir='ltr'><strong>enter</strong></span> <span class='ocrx_word' id='word_1_176' title='bbox 597 3501 639 3552; x_wconf 93' lang='lat' dir='ltr'><strong>se</strong></span> <span class='ocrx_word' id='word_1_177' title='bbox 660 3476 819 3568; x_wconf 82' lang='lat' dir='ltr'><strong>fecisse,</strong></span> <span class='ocrx_word' id='word_1_178' title='bbox 848 3472 947 3571; x_wconf 91' lang='lat' dir='ltr'><strong>quod</strong></span> <span class='ocrx_word' id='word_1_179' title='bbox 966 3496 1030 3566; x_wconf 87' lang='lat' dir='ltr'><strong>ea,</strong></span> <span class='ocrx_word' id='word_1_180' title='bbox 1059 3496 1154 3569; x_wconf 87' lang='lat' dir='ltr'><strong>qnae</strong></span> <span class='ocrx_word' id='word_1_181' title='bbox 1180 3473 1219 3547; x_wconf 94' lang='lat' dir='ltr'><strong>in</strong></span> <span class='ocrx_word' id='word_1_182' title='bbox 1247 3485 1378 3552; x_wconf 87' lang='lat' dir='ltr'><strong>senatu</strong></span> <span class='ocrx_word' id='word_1_183' title='bbox 1405 3477 1589 3577; x_wconf 89' lang='lat' dir='ltr'><strong>Principis</strong></span> 
     </span>
     <span class='ocr_line' id='line_1_25' title="bbox 471 3599 1588 3700; baseline -0.001 -20"><span class='ocrx_word' id='word_1_184' title='bbox 471 3604 685 3698; x_wconf 79' lang='lat' dir='ltr'><strong>recitasset,</strong></span> <span class='ocrx_word' id='word_1_185' title='bbox 712 3602 850 3700; x_wconf 91' lang='lat' dir='ltr'><strong>scripto</strong></span> <span class='ocrx_word' id='word_1_186' title='bbox 878 3599 990 3675; x_wconf 88' lang='lat' dir='ltr'><strong>etiam</strong></span> <span class='ocrx_word' id='word_1_187' title='bbox 1017 3621 1110 3694; x_wconf 93' lang='lat' dir='ltr'><strong>suo,</strong></span> <span class='ocrx_word' id='word_1_188' title='bbox 1144 3601 1241 3698; x_wconf 88' lang='lat' dir='ltr'><strong>qnod</strong></span> <span class='ocrx_word' id='word_1_189' title='bbox 1268 3601 1341 3678; x_wconf 89' lang='lat' dir='ltr'><strong>iam</strong></span> <span class='ocrx_word' id='word_1_190' title='bbox 1367 3605 1440 3679; x_wconf 91' lang='lat' dir='ltr'><strong>sibi</strong></span> <span class='ocrx_word' id='word_1_191' title='bbox 1468 3607 1588 3681; x_wconf 84' lang='lat' dir='ltr'><strong>fraudi</strong></span> 
     </span>
     <span class='ocr_line' id='line_1_26' title="bbox 472 3728 983 3826; baseline -0.014 -20"><span class='ocrx_word' id='word_1_192' title='bbox 472 3755 557 3808; x_wconf 89' lang='lat' dir='ltr'><strong>esse</strong></span> <span class='ocrx_word' id='word_1_193' title='bbox 575 3731 726 3824; x_wconf 90' lang='lat' dir='ltr'><strong>videret,</strong></span> <span class='ocrx_word' id='word_1_194' title='bbox 743 3728 983 3826; x_wconf 85' lang='lat' dir='ltr'><strong>publicasset.</strong></span> 
     </span>
    </p>
   </div>
   <div class='ocr_carea' id='block_1_3' title="bbox 828 4123 1345 4246">
    <p class='ocr_par' dir='ltr' id='par_1_3' title="bbox 828 4123 1345 4246">
     <span class='ocr_line' id='line_1_27' title="bbox 828 4123 1345 4246; baseline 0 -45"><span class='ocrx_word' id='word_1_195' title='bbox 828 4123 1002 4202; x_wconf 82' lang='lat' dir='ltr'><strong>OAPVT</strong></span> <span class='ocrx_word' id='word_1_196' title='bbox 1032 4123 1231 4203; x_wconf 89' lang='lat' dir='ltr'>NONVM.</span> <span class='ocrx_word' id='word_1_197' title='bbox 1343 4241 1345 4246; x_wconf 12' lang='grc' dir='ltr'>ι</span> 
     </span>
    </p>
   </div>
   <div class='ocr_carea' id='block_1_4' title="bbox 472 4308 1588 4534">
    <p class='ocr_par' dir='ltr' id='par_1_4' title="bbox 472 4308 1588 4534">
     <span class='ocr_line' id='line_1_28' title="bbox 472 4308 1588 4411; baseline -0.002 -26"><span class='ocrx_word' id='word_1_198' title='bbox 472 4309 530 4386; x_wconf 80' lang='lat' dir='ltr'><strong>Dc</strong></span> <span class='ocrx_word' id='word_1_199' title='bbox 551 4308 693 4411; x_wconf 74' lang='lat' dir='ltr'><strong>Georpti</strong></span> <span class='ocrx_word' id='word_1_200' title='bbox 719 4308 901 4385; x_wconf 81' lang='lat' dir='ltr'><strong>Raouzdic&#39;</strong></span> <span class='ocrx_word' id='word_1_201' title='bbox 918 4310 1032 4386; x_wconf 81' lang='lat' dir='ltr'><strong>literis</strong></span> <span class='ocrx_word' id='word_1_202' title='bbox 1060 4309 1111 4383; x_wconf 82' lang='lat' dir='ltr'><strong>ud</strong></span> <span class='ocrx_word' id='word_1_203' title='bbox 1133 4309 1342 4406; x_wconf 65' lang='lat' dir='ltr'><strong>Panopeos</strong></span> <span class='ocrx_word' id='word_1_204' title='bbox 1370 4319 1403 4382; x_wconf 86' lang='lat' dir='ltr'><strong>ct</strong></span> <span class='ocrx_word' id='word_1_205' title='bbox 1420 4335 1504 4384; x_wconf 84' lang='lat' dir='ltr'><strong>cum</strong></span> <span class='ocrx_word' id='word_1_206' title='bbox 1531 4311 1588 4386; x_wconf 79' lang='lat' dir='ltr'><strong>Si·</strong></span> 
     </span>
     <span class='ocr_line' id='line_1_29' title="bbox 869 4436 1180 4534; baseline -0.003 -24"><span class='ocrx_word' id='word_1_207' title='bbox 869 4461 964 4511; x_wconf 81' lang='lat' dir='ltr'><strong>anuo</strong></span> <span class='ocrx_word' id='word_1_208' title='bbox 984 4436 1180 4534; x_wconf 80' lang='lat' dir='ltr'><strong>colloquiis.</strong></span> 
     </span>
    </p>
   </div>
   <div class='ocr_carea' id='block_1_5' title="bbox 471 4615 1588 4843">
    <p class='ocr_par' dir='ltr' id='par_1_5' title="bbox 471 4615 1588 4843">
     <span class='ocr_line' id='line_1_30' title="bbox 579 4615 1587 4713; baseline 0 -21"><span class='ocrx_word' id='word_1_209' title='bbox 579 4615 750 4694; x_wconf 84' lang='lat' dir='ltr'><strong>Ceterum</strong></span> <span class='ocrx_word' id='word_1_210' title='bbox 767 4617 914 4694; x_wconf 91' lang='lat' dir='ltr'><strong>minime</strong></span> <span class='ocrx_word' id='word_1_211' title='bbox 934 4642 1065 4693; x_wconf 90' lang='lat' dir='ltr'><strong>vanam</strong></span> <span class='ocrx_word' id='word_1_212' title='bbox 1095 4617 1212 4692; x_wconf 86' lang='lat' dir='ltr'><strong>fuisse</strong></span> <span class='ocrx_word' id='word_1_213' title='bbox 1232 4640 1332 4708; x_wconf 74' lang='lat' dir='ltr'><strong>eam,</strong></span> <span class='ocrx_word' id='word_1_214' title='bbox 1363 4616 1408 4692; x_wconf 91' lang='lat' dir='ltr'><strong>de</strong></span> <span class='ocrx_word' id='word_1_215' title='bbox 1427 4617 1587 4713; x_wconf 85' lang='lat' dir='ltr'><strong>Legato-</strong></span> 
     </span>
     <span class='ocr_line' id='line_1_31' title="bbox 471 4741 1588 4843; baseline 0.003 -26"><span class='ocrx_word' id='word_1_216' title='bbox 471 4764 550 4817; x_wconf 92' lang='lat' dir='ltr'><strong>rum</strong></span> <span class='ocrx_word' id='word_1_217' title='bbox 571 4743 773 4838; x_wconf 86' lang='lat' dir='ltr'><strong>diligentia,</strong></span> <span class='ocrx_word' id='word_1_218' title='bbox 793 4745 1017 4843; x_wconf 89' lang='lat' dir='ltr'><strong>opinionem,</strong></span> <span class='ocrx_word' id='word_1_219' title='bbox 1045 4743 1203 4819; x_wconf 86' lang='lat' dir='ltr'><strong>famulus</strong></span> <span class='ocrx_word' id='word_1_220' title='bbox 1220 4741 1375 4839; x_wconf 83' lang='lat' dir='ltr'><strong>Georgii</strong></span> <span class='ocrx_word' id='word_1_221' title='bbox 1394 4743 1588 4838; x_wconf 82' lang='lat' dir='ltr'><strong>Ravaadii,</strong></span> 
     </span>
    </p>
   </div>
   <div class='ocr_carea' id='block_1_6' title="bbox 0 0 1818 5534">
    <p class='ocr_par' dir='ltr' id='par_1_6' title="bbox 0 0 1818 5534">
     <span class='ocr_line' id='line_1_32' title="bbox 0 0 1818 5534; baseline 0 6"><span class='ocrx_word' id='word_1_222' title='bbox 0 0 1818 5534; x_wconf 95' lang='lat' dir='ltr'><strong> </strong></span> 
     </span>
    </p>
   </div>
  </div>
 </body>
</html>
