3625 5534
509 553 558 603 nu
577 553 658 605 nnn.
677 551 762 602 vnn.
792 551 876 603 nnc.
891 551 928 603 x.
948 551 982 602 n.
1002 551 1037 602 x.
1286 523 1362 602 283

234 729 525 826 indignationem
555 728 627 804 sibi
645 727 866 817 conciliaret,
887 736 1017 803 coacta
1035 751 1168 823 magna
1188 728 1362 803 Tartaro-

238 881 323 933 rum
342 881 449 933 manu
467 857 505 931 in
525 855 749 931 Moldaviam
768 855 946 953 irrumpit,
967 879 1011 930 ac
1029 853 1113 928 indo
1133 855 1193 929 vel
1212 876 1270 952 eo,
1289 876 1360 951 quo

235 993 394 1060 venerat
409 982 541 1058 itinere
559 1003 686 1058 rursus
705 981 743 1056 in
751 983 957 1079 Vngariam
975 983 1188 1081 irrumpere,
1207 983 1264 1056 ve*
1286 981 1362 1058 aal-

235 1119 313 1185 tem
332 1133 398 1206 per
414 1107 687 1208 Transalpinos
700 1107 1015 1208 Transylvaniam
1034 1105 1172 1183 adoriri
1195 1115 1357 1183 conatur.

234 1237 298 1311 Ea
333 1258 375 1310 re
395 1234 520 1310 audita
544 1231 752 1334 Stephanus
791 1233 957 1310 Boczkai
985 1232 1156 1308 contiuno
1176 1229 1224 1307 ad
1252 1257 1355 1308 arma

235 1370 394 1438 cunctor
413 1369 531 1453 vocat,
551 1385 595 1437 ae
614 1359 781 1457 Georgia
793 1363 956 1462 Borbely
975 1359 1222 1436 etBenedicto
1241 1359 1357 1435 Mind-

232 1488 379 1565 ozeutio
408 1488 446 1563 in
464 1488 752 1588 Transalpinam
770 1489 905 1566 missis.
934 1487 1027 1563 lines
1056 1485 1269 1584 provinciae
1298 1510 1354 1561 ar·

231 1615 347 1691 matio
366 1617 533 1712 complet.
554 1615 744 1690 Fervebat
761 1621 841 1688 tota
860 1612 981 1688 Dacia
999 1612 1110 1703 bello,
1131 1634 1175 1686 ac
1193 1634 1239 1686 ne
1250 1608 1354 1686 Prin-

232 1742 319 1842 cipe
338 1741 388 1818 ad
406 1762 511 1842 opem
523 1739 771 1838 Agrienaibua
789 1740 979 1816 ferendam
997 1739 1173 1838 profecto,
1192 1739 1356 1815 barbara

234 1889 333 1965 gena
355 1866 393 1942 in
420 1890 558 1942 vacuae
581 1868 792 1966 provinciae
819 1874 1038 1965 erumperet,
1068 1887 1203 1958 magno
1221 1865 1356 1962 ubique

234 2017 319 2069 cum
347 1992 501 2069 tumultu
525 1995 768 2078 metuebatur.
788 1995 981 2068 Matronae
1010 2015 1054 2068 ac
1083 1991 1186 2088 pueri
1216 1990 1357 2066 eiulati-

235 2121 309 2195 bus
324 2119 445 2196 omnia
463 2121 708 2220 complebant,
734 2129 771 2195 et
798 2121 917 2195 cuncti
937 2119 982 2194 de
1009 2119 1100 2214 fuga
1126 2118 1198 2192 iam
1218 2117 1356 2215 eogita-

232 2248 336 2323 bant.
359 2242 433 2320 Sed
451 2269 538 2322 ecce
557 2268 637 2321 cum
657 2245 809 2322 Tartari
830 2244 1092 2344 Transalpinis
1120 2244 1192 2319 iam
1212 2243 1259 2318 ad
1277 2243 1355 2319 lau·

232 2370 454 2467 oeaAlpium
464 2370 672 2448 redactiein
683 2371 998 2470 Transylvaniam
1008 2371 1210 2468 irrumpere
1221 2393 1352 2446 conan-

231 2507 304 2591 tur,
322 2522 447 2576 rumor
465 2499 616 2576 affertur
635 2499 683 2574 ad
702 2497 894 2591 Chamum,
913 2497 1076 2574 Polonoe
1095 2506 1205 2595 atque
1225 2498 1351 2574 Koza-

231 2626 318 2719 koa,
338 2624 586 2724 Moschosque
604 2651 738 2724 magno
749 2648 899 2702 numero
920 2625 1064 2719 coiisse,
1088 2625 1142 2701 ita
1161 2625 1352 2717 animatos,

230 2761 273 2830 ut
292 2753 353 2828 vel
371 2753 409 2827 in
429 2753 640 2830 Tartariam
658 2754 873 2852 irrumpant,
892 2753 1091 2829 velmanua
1110 2775 1190 2828 oum
1209 2751 1352 2828 liscon-

230 2887 371 2958 serant.
391 2879 533 2971 Quare
553 2880 679 2955 andita
694 2900 820 2954 omnes
832 2859 1074 2956 Tartarorum
1085 2879 1224 2975 copiae,
1245 2879 1352 2978 quasi

230 3007 342 3104 aigno
381 3007 485 3098 dato,
514 3006 645 3082 itinere
672 3008 784 3104 fugae
813 3006 935 3100 simili,
965 3004 1258 3106 eTranaalpina
1285 3005 1351 3080 dit-

226 3117 371 3214 fugere.

337 3242 497 3318 llichacl
514 3241 716 3334 Palatinus,
737 3243 883 3340 cognito
901 3241 1147 3320 Tartarorum
1174 3240 1351 3334 discessu,

229 3368 359 3467 copiaa
387 3391 513 3445 omnes
542 3391 588 3443 ex
607 3368 805 3467 praesidiis
824 3369 976 3466 colligit,
1005 3374 1043 3444 et
1069 3392 1161 3467 quaa
1187 3376 1350 3468 potente

133 3577 138 3592 ,
229 3496 509 3594 Traneylvania
527 3501 668 3583 evocat,
697 3518 742 3570 eo
770 3496 905 3585 animo,
942 3502 983 3570 ut
1010 3497 1164 3573 traiecto
1191 3497 1349 3572 navibus

228 3621 404 3698 Danubio
421 3621 460 3695 in
478 3620 692 3718 Bulgariam
711 3620 846 3697 Turcia
865 3645 1018 3698 vacuam
1036 3623 1227 3722 irrumpat,
1254 3645 1349 3698 eam-

230 3772 301 3848 que
320 3746 504 3823 deditione
519 3747 651 3846 capiat.
680 3749 769 3825 Mox
786 3749 979 3825 tormentis
990 3749 1028 3823 in
1046 3749 1220 3824 maiorem
1239 3746 1348 3823 Nico

227 3875 339 3975 polim
359 3870 471 3971 (quae
498 3873 598 3948 ultra
615 3872 824 3950 Danubium
843 3875 916 3950 sita
947 3883 1014 3966 eet,
1042 3875 1130 3950 urba
1156 3881 1193 3946 et
1220 3869 1347 3973 ampli-

227 4001 353 4077 tudine
373 4009 410 4075 et
427 3999 626 4075 munitione
654 4000 751 4076 haud
779 3994 1059 4098 contemnenda)
1087 3999 1237 4075 ducetis
1267 4001 1345 4076 dies

227 4135 426 4224 noctesque
445 4128 598 4201 intonat.
620 4124 696 4202 Sed
715 4127 907 4225 quominus
917 4125 1128 4202 Danubium
1144 4127 1345 4222 transierit,

226 4255 390 4352 urbeque
427 4254 565 4353 potitus
602 4254 722 4333 fuerit,
740 4255 931 4354 insperato
962 4252 1146 4329 veredarii
1186 4253 1344 4332 adventu

228 4380 362 4456 tactum
391 4389 460 4474 eat,
489 4381 551 4479 qui
580 4404 600 4456 e
630 4381 735 4458 clade
755 4381 932 4479 Agrienoi
952 4405 975 4454 a
998 4379 1170 4478 Principe
1198 4381 1343 4474 misene,

228 4530 304 4583 rem
322 4528 474 4596 omnem,
493 4507 547 4582 uti
564 4514 674 4605 gesta
692 4509 823 4596 inerat,
851 4506 1027 4586 Michaeli
1043 4509 1137 4582 clam
1156 4505 1343 4604 significa·

227 4642 341 4724 verat,
361 4639 400 4707 et
416 4639 457 4708 nt
474 4633 512 4708 in
530 4633 722 4732 provincia
740 4658 781 4710 ee
800 4636 1015 4730 contineret,
1034 4634 1200 4731 lineaque
1219 4630 1339 4732 Regni

228 4757 553 4838 contraBarbaroa
571 4760 609 4836 iu
623 4759 821 4837 Thraciam
839 4785 1057 4841 reversuros
1076 4767 1251 4852 tueretur,
1272 4758 1339 4836 Pa·
