3625 5534
487 505 538 579 96
611 499 619 510 ’
890 521 939 573 10.
959 521 1061 571 nnen
1078 521 1228 571 annovu

488 696 629 773 medios
657 695 763 795 ipsos
791 694 933 787 hostes,
963 697 996 767 si
1024 695 1077 769 ita
1105 717 1167 768 res
1196 700 1338 790 poscat,
1368 693 1406 767 in
1432 699 1510 767 tnta
1529 714 1609 768 oum

487 824 618 923 spoliis
639 822 878 898 evadendum.
897 824 958 896 Ita
977 821 1157 919 siquidem
1187 822 1283 895 malo
1313 841 1439 894 eornm
1457 819 1536 894 fato
1556 843 1612 894 ac-

487 949 586 1042 cidit,
613 957 655 1025 nt
681 947 876 1024 Praefecto
904 946 1078 1040 Ieniensi,
1108 946 1241 1022 solutis
1273 946 1347 1020 iam
1375 944 1513 1020 castris
1545 945 1614 1019 Te-

489 1076 815 1167 mesvariensibns,
834 1075 980 1150 domum
1009 1096 1089 1149 cnm
1117 1071 1196 1148 suis
1223 1071 1401 1164 redeunti,
1421 1077 1553 1145 cuncta
1573 1069 1615 1144 de

489 1200 692 1274 imminenti
711 1198 979 1298 oppidanorum
1015 1198 1180 1298 periculo
1218 1197 1543 1290 renunciarentnr3
1566 1203 1616 1268 at·
1729 1279 1730 1292 χ

491 1351 561 1425 qne
581 1327 614 1400 is
634 1349 677 1402 eo
697 1324 858 1422 cognito,
878 1325 1071 1422 maiusque
1091 1323 1241 1419 aliquid,
1270 1346 1342 1421 qno
1372 1323 1445 1398 sibi
1462 1321 1617 1398 insidiae
1729 1367 1730 1372 =

492 1457 751 1540 statuerentur,
772 1452 929 1525 subesse
939 1458 1053 1542 ratus,
1064 1451 1118 1524 ita
1128 1451 1199 1524 iter
1211 1472 1314 1524 sunm
1324 1449 1556 1538 instituerat,
1578 1456 1614 1521 ut
1729 1493 1730 1510 1

491 1600 577 1652 cnm
595 1577 669 1650 iam
697 1576 824 1650 hostes
851 1577 933 1650 loco
960 1576 1068 1673 potiti
1096 1585 1240 1668 essent,
1269 1582 1307 1649 et
1335 1575 1434 1671 quod
1460 1575 1616 1650 futurum

491 1703 679 1801 sperabat,
706 1701 847 1799 pracda
876 1701 1057 1798 occupati,
1086 1701 1178 1776 nihil
1205 1707 1404 1798 praeterea
1432 1700 1539 1798 pensi
1557 1699 1619 1772 ha·
1729 1709 1730 1802 j

483 1831 630 1930 borant,
651 1834 725 1901 tnrn
745 1826 901 1923 primum
921 1846 986 1901 eos
1005 1826 1094 1900 totis
1119 1826 1260 1900 viribus
1290 1825 1508 1901 adoriretur.
1546 1828 1617 1900 Ita-
1729 1891 1730 1904 ,

490 1977 560 2051 quc
580 1976 661 2027 eam
680 1960 833 2043 noctem,
853 1975 948 2049 quae
970 1953 1108 2026 factum
1135 1951 1351 2049 praecessit,
1388 1952 1427 2024 in
1452 1952 1618 2050 proximo
1729 1953 1730 1990 ³

492 2103 602 2180 pago,
622 2101 694 2154 nno
714 2085 855 2152 tantum
874 2079 1025 2154 milliari
1045 2078 1196 2154 distanti
1221 2079 1270 2152 ab
1301 2077 1617 2177 oppid0,inarmis
1729 2097 1730 2112 ³

492 2207 694 2282 insomnem
713 2212 827 2280 totam
845 2204 1055 2299 traducens,
1093 2205 1271 2303 promotis
1300 2212 1386 2280 ante
1414 2203 1533 2278 lucem
1562 2227 1617 2278 co

492 2332 574 2430 piis,
593 2332 646 2407 nti
665 2336 859 2422 statuerat,
878 2354 923 2406 eo
943 2330 1054 2428 plane
1073 2339 1239 2429 tempore
1267 2331 1315 2406 ad
1344 2331 1517 2430 oppidum
1537 2351 1617 2429 per·
1729 2317 1730 2326 ¹

492 2458 601 2548 venit,
633 2455 778 2553 quando
807 2463 980 2550 agrestes
1009 2479 1053 2542 eo
1072 2456 1233 2551 incenso,
1251 2457 1425 2553 iactaque
1445 2457 1540 2531 satis
1560 2479 1618 2531 co·

492 2583 599 2680 piosa
617 2582 769 2679 pracda,
791 2582 936 2658 confusi
953 2581 1050 2656 inter
1070 2605 1122 2673 se,
1150 2591 1355 2680 cunctaque
1383 2583 1617 2668 clamoribus,

492 2715 530 2781 et
548 2706 649 2780 inani
668 2705 811 2781 laetitia
830 2705 1040 2800 miscentes,
1059 2707 1177 2804 portis
1195 2706 1270 2780 iam
1288 2706 1382 2805 ipsis
1393 2706 1620 2781 effunderen-

492 2833 702 2927 tu13ineos
721 2832 821 2908 illico
841 2856 922 2906 cnm
943 2832 1021 2908 suis
1040 2855 1175 2928 magno
1205 2832 1325 2908 animo
1353 2831 1531 2923 invectus,
1569 2832 1621 2906 fa·
1729 2911 1730 2928 ,

492 2961 562 3037 eile
582 2959 766 3051 confusos,
785 2959 1018 3058 inermesque
1047 2961 1253 3054 contrubat,
1290 2967 1402 3055 atque
1429 2958 1467 3031 in
1492 2957 1620 3054 fugam

492 3098 595 3164 actos
615 3109 855 3186 persequens,
874 3110 1047 3182 magnam
1058 3109 1184 3163 eornm
1194 3095 1359 3183 stragem
1379 3085 1464 3176 edit,
1484 3084 1620 3160 multos

492 3216 598 3289 vivos
616 3214 726 3313 capit,
745 3212 924 3311 plurimos
938 3235 983 3288 co
1003 3211 1132 3309 adigit,
1151 3213 1246 3288 utin
1270 3209 1512 3311 profluentem
1530 3213 1622 3306 fuga

491 3340 646 3437 delapsi,
667 3340 746 3413 eins
765 3337 977 3436 gurgitibus
1007 3339 1175 3437 absorpti
1199 3338 1387 3437 perierint.
1414 3335 1473 3411 Ita
1490 3336 1622 3413 infelix

492 3464 602 3539 turba
629 3462 717 3537 mali
745 3462 880 3559 incepti
910 3462 1043 3558 dignas
1072 3485 1215 3561 poenas
1245 3464 1323 3558 luit,
1360 3464 1490 3565 paucis
1513 3465 1621 3540 modo

491 3589 643 3686 elapsis,
682 3588 744 3685 qni
773 3586 989 3663 documento
1018 3589 1104 3665 aliis
1132 3597 1268 3684 essent,
1296 3614 1344 3668 ne
1362 3599 1501 3667 temere
1522 3590 1623 3689 quic

491 3737 613 3813 qnam,
633 3721 671 3790 et
688 3713 786 3788 ultra
803 3713 903 3788 vires
922 3715 1101 3808 audendo,
1130 3716 1311 3792 consimili
1340 3718 1446 3795 modo
1473 3739 1517 3792 se
1536 3740 1620 3814 per·

490 3840 604 3918 ditum
622 3840 728 3917 irent.
749 3838 795 3914 Id
812 3839 877 3914 nbi
895 3861 1068 3938 sparsum
1086 3840 1158 3916 hnc
1186 3842 1276 3918 illnc
1302 3843 1399 3920 inter
1417 3844 1623 3933 Barbaros,

493 3976 531 4042 et
547 3966 747 4066 plerosque
765 3988 900 4058 eorum,
922 3965 984 4061 qui
1008 3989 1086 4041 rem
1113 3967 1209 4042 hanc
1235 3975 1460 4066 patrassent,
1499 3969 1623 4044 Tran-

494 4093 713 4190 sylvanioae
738 4091 889 4166 ditionis
909 4091 1026 4167 fnisse
1047 4103 1273 4192 compertum
1292 4096 1380 4172 fuit:
1400 4095 1623 4171 incredibile

492 4217 602 4311 dictu,
622 4227 797 4316 qnantum
815 4219 900 4311 odii,
921 4244 966 4294 ao
985 4221 1122 4296 furoris
1142 4221 1622 4322 illiinTransylvanosboc

490 4344 635 4419 nominc
681 4345 926 4444 conceperint
966 4344 1041 4422 Sed
1078 4370 1124 4423 ne
1160 4356 1285 4423 tamen
1321 4349 1358 4422 in
1395 4358 1470 4424 tam
1504 4348 1622 4424 dubia

494 4493 615 4545 rernm
634 4491 784 4545 suarum
811 4470 970 4564 fortuna,
990 4480 1129 4548 temere
1157 4475 1251 4548 tanti
1279 4474 1449 4549 momenti
1469 4476 1620 4573 provin-

458 4605 462 4612 “
490 4595 585 4670 ciam
600 4597 649 4670 ab
667 4596 828 4693 Imperio
848 4597 1118 4673 abalienarent:
1148 4581 1335 4674 Praefecti
1364 4599 1503 4674 arcium
1531 4599 1620 4675 mis·
1729 4665 1730 4668 ,

491 4719 546 4808 sis
564 4744 612 4794 ex
630 4717 1010 4797 ordinerausiorum
1022 4722 1217 4814 nonnullis,
1237 4745 1322 4799 num
1342 4725 1421 4798 eius
1441 4724 1535 4804 hacc
1556 4747 1620 4804 res
