3625 5534
479 438 532 513 44
869 461 917 510 ro.
938 461 1038 512 nucu
1056 462 1204 513 nauovu

479 643 627 725 cuncta,
649 660 743 734 quae
763 637 808 721 de
826 636 926 710 bello
944 637 1015 713 hoc
1034 644 1223 735 comperta
1241 637 1425 722 habebat,
1449 664 1536 715 cum
1558 663 1603 716 eo

479 762 738 851 communicat,
763 767 963 859 monetque
985 771 1025 838 ut
1054 764 1276 862 comparatis
1294 764 1331 840 in
1350 774 1531 864 tempore,
1553 765 1603 842 ad

478 888 552 963 vim
579 888 886 987 propulsandam,
916 889 1091 965 subsidiis
1112 889 1300 981 omnibus,
1330 888 1458 965 Sinani
1488 913 1603 966 cona-

478 1016 576 1092 tibus
603 1015 750 1092 obviam
783 1016 864 1092 iret.
905 1012 1063 1094 Gratum
1091 1016 1130 1091 id
1159 1016 1461 1094 Tieffenbacchio
1504 1019 1605 1094 acci·

479 1142 541 1237 dit,
559 1145 680 1243 utqui
698 1143 789 1220 nihil
817 1168 943 1222 eorum
962 1153 1072 1221 antea
1099 1153 1344 1242 cognoverat,
1374 1170 1605 1244 quamquam
1733 1133 1734 1206 ἶ

479 1262 660 1346 dubitanti
688 1269 733 1347 de
753 1294 817 1364 eo,
848 1295 896 1346 an
926 1294 970 1346 eo
998 1279 1184 1370 tempore,
1212 1271 1388 1348 inclinata
1415 1273 1489 1348 iam
1518 1273 1605 1349 fere
1733 1351 1734 1366 ,

477 1402 639 1488 aestate,
668 1404 769 1474 tanto
788 1405 970 1473 terrarum
987 1405 1129 1489 tractu,
1150 1420 1257 1494 quem
1284 1397 1367 1496 ipse
1386 1397 1499 1474 etiam
1533 1401 1605 1476 ali·

477 1521 621 1618 quando
648 1523 782 1599 fnisset
800 1545 988 1616 emensus,
1006 1523 1142 1600 iustum
1160 1547 1284 1604 secum
1312 1523 1515 1601 exercitum
1542 1523 1605 1603 Si·

477 1671 594 1725 nanus
615 1648 771 1726 educere
790 1651 919 1749 possit.

931 1861 1142 1869 -——-—-.——

824 2045 999 2125 cnevu
1018 2043 1246 2124 snxuvu.
1329 2014 1333 2028 '

609 2209 685 2286 Iter
705 2206 841 2286 Sinoni
859 2208 1082 2310 Belpuudoru
1100 2231 1210 2304 cupite
1230 2205 1451 2282 describitur.

584 2374 681 2448 Dum
708 2373 801 2450 haec
823 2372 876 2449 ita
895 2379 1091 2470 geruntur,
1118 2371 1192 2447 iam
1211 2369 1389 2460 Sinanus,
1417 2375 1607 2479 promotis

475 2500 595 2601 pridie
614 2497 767 2577 Calend.
786 2499 949 2599 Augusti
969 2501 1017 2576 ab
1046 2500 1139 2574 urbe
1159 2498 1314 2592 castris,
1332 2498 1395 2574 via
1413 2497 1606 2578 Adriano-

475 2627 640 2725 politana
657 2627 729 2702 iter
746 2626 907 2717 iaciens,
936 2625 1064 2724 copias
1089 2624 1233 2716 divisit,
1252 2621 1607 2726 Ianicianornmque

475 2751 687 2829 cohortibus
703 2750 851 2828 diverso
861 2752 994 2828 itinere
1012 2751 1067 2828 ire
1085 2751 1209 2850 iussis,
1228 2751 1310 2850 ipse
1329 2751 1606 2850 conoquium,

475 2877 644 2956 maximis
661 2877 866 2968 itineribus,
886 2877 1114 2974 Belgradum
1133 2876 1388 2953 contendebat
1407 2878 1606 2956 Ineototo

475 3005 606 3082 itinere
615 3027 794 3103 nusquam
813 3005 929 3081 fertur
940 3011 1143 3098 cunctatus,
1162 3004 1235 3080 nisi
1253 3002 1607 3104 Adrianopcliqua-

474 3139 557 3208 tuor
576 3131 726 3224 diebus,
745 3130 907 3230 quinque
927 3127 1170 3228 ad.Sophiam
1196 3131 1324 3206 urbem
1343 3129 1380 3205 in
1400 3127 1605 3226 triballis,

477 3279 601 3334 eorum
621 3256 800 3332 duntaxat
819 3280 953 3348 cansa,
974 3258 1136 3356 quicum
1156 3257 1358 3350 subsecuti,
1378 3255 1430 3331 ibi
1450 3256 1605 3337 demum

476 3383 589 3460 iuncti
608 3384 754 3491 castris-
769 3384 889 3482 ipsins
907 3386 1033 3475 fuere,
1062 3383 1193 3460 deinde
1212 3406 1256 3460 co
1284 3384 1321 3458 in
1339 3382 1422 3461 loco
1451 3384 1607 3463 duobus
1733 3402 1734 3432 ¹

473 3509 600 3587 itidem
619 3509 768 3601 diebus,
794 3511 857 3585 ubi
876 3535 899 3586 a
918 3510 1113 3586 Praefecto
1133 3509 1373 3588 Zolnokiensi
1391 3510 1531 3588 missus
1555 3514 1609 3589 ad

477 3660 558 3714 eum
578 3637 774 3734 gregarius
795 3636 941 3735 quidam
967 3638 1073 3713 miles
1091 3644 1259 3731 nostras,
1289 3662 1313 3713 a
1331 3636 1466 3713 ancis
1483 3637 1607 3716 inter-

475 3771 625 3864 ceptus,
653 3763 791 3838 nullam
810 3764 990 3841 adventus
1010 3764 1089 3840 eius
1107 3765 1244 3840 famam
1261 3765 1299 3838 in
1319 3762 1509 3860 Vngaria,
1530 3789 1608 3844 nec
1638 3787 1647 3806 ⁶

474 3888 573 3966 ullas
592 3889 711 3982 vires,
742 3912 837 3986 quae
856 3890 936 3966 eius
957 3911 1152 3967 successus
1179 3897 1306 3966 essent
1333 3897 1606 3988 remoraturae,

476 4022 632 4115 paratas
657 4014 801 4114 uspiam
831 4039 936 4107 esse,
965 4025 1066 4093 certo
1095 4017 1129 4092 ei
1158 4015 1365 4094 affirmavit.
1396 4013 1541 4092 Eodem
1562 4021 1603 4101 in

473 4141 555 4219 loco
577 4143 747 4219 nuncium
766 4141 876 4219 etiam
896 4166 920 4217 a
937 4140 1013 4219 tilio
1047 4140 1257 4218 Bellerbeio
1278 4164 1358 4216 cnm
1382 4141 1528 4218 duabus
1548 4147 1608 4244 pi·

476 4273 526 4348 lis
543 4269 677 4346 terreis
708 4269 833 4370 magni
859 4267 1054 4368 ponderis,
1086 4268 1218 4368 quibus
1246 4289 1368 4345 arcem
1396 4290 1531 4344 novam
1552 4273 1607 4348 ad

474 4397 645 4499 Golapim
663 4396 792 4488 sitam,
823 4421 847 4487 a
865 4393 1092 4473 Christianis
1111 4397 1278 4495 proxime
1296 4394 1450 4494 petitam
1468 4394 1607 4494 fuisse,
1733 4441 1734 4456 ι

476 4547 631 4623 eamque
659 4522 887 4600 obsidionem
916 4523 989 4599 iam
1017 4523 1174 4601 solutam
1198 4521 1417 4615 nunciabat,
1444 4527 1608 4623 accepit.

476 4650 618 4743 Quibus
647 4648 814 4726 omnibus
844 4648 1096 4742 exhilaratus,
1122 4649 1266 4752 epulum
1294 4649 1469 4726 militibus
1490 4649 1610 4738 dedit,
