3625 5534
481 480 532 558 50
873 499 922 549 10.
942 496 1043 548 naon
1062 495 1211 546 unnovrr

481 678 618 755 tudinis
637 698 752 752 causa
770 693 972 771 prosperos
998 691 1143 767 quoque
1171 688 1294 742 rerum
1324 685 1526 739 successus
1558 663 1614 738 eis

485 805 644 903 cupiant,
673 810 714 876 ut
741 806 862 873 autem
892 796 1025 888 studia,
1054 816 1263 893 operasque
1284 813 1364 866 oum
1384 790 1439 864 eis
1459 789 1615 866 coniun-

484 906 584 1028 gant,
602 927 703 1003 haud
721 925 770 1000 ad
789 946 853 998 eos
877 923 1075 1020 pertinere.
1096 919 1194 1010 Quin
1221 919 1326 1015 ipsos
1347 915 1457 992 etiam
1479 912 1615 992 Chris·

484 1044 622 1131 tianos'
635 1050 842 1148 Principes,
870 1048 1101 1146 populosque
1129 1047 1168 1120 id
1197 1046 1252 1121 eis
1272 1047 1362 1122 sitio
1381 1056 1531 1124 vertere
1552 1068 1617 1120 nc-

485 1203 669 1279 quaquam
687 1199 812 1276 posse,
832 1174 866 1248 si
885 1173 1015 1270 aequis
1035 1173 1167 1247 animis
1196 1195 1322 1249 secum
1342 1171 1615 1272 reputaverint,

488 1327 560 1404 quo
579 1305 660 1379 looo
680 1302 756 1376 sint
767 1299 1036 1396 Transylvani,
1057 1305 1094 1372 et
1114 1320 1222 1396 quam
1242 1299 1335 1375 dura
1352 1300 1419 1374 illa
1433 1296 1618 1383 conditio,

484 1451 531 1504 ne
551 1429 694 1503 dicatur
713 1426 885 1514 servitus,
906 1423 965 1515 sit,
985 1423 1044 1499 cui
1064 1423 1129 1516 illi,
1139 1425 1311 1521 publicae
1330 1424 1463 1500 salutis
1474 1422 1616 1520 gratia,

374 1605 381 1610 -
482 1576 615 1653 parere
636 1558 825 1648 cogantur.
845 1548 939 1640 Quis
959 1549 1053 1623 enim
1075 1570 1147 1624 non
1175 1550 1301 1626 videat
1327 1549 1482 1648 periculi
1511 1549 1617 1648 ipso-

483 1701 573 1771 rum,
593 1677 674 1752 sive
693 1672 1019 1773 propinquitatem,
1048 1675 1128 1750 sive
1156 1676 1457 1773 magnitudinem,
1495 1675 1616 1749 immi-

483 1802 656 1878 nentibus
676 1800 731 1876 eis
749 1799 983 1897 undiquaque
1012 1807 1067 1874 tot
1098 1802 1302 1878 Trucarum
1322 1800 1536 1901 praesidiis,
1560 1807 1617 1875 tot

485 1929 617 2005 vicinis
636 1926 848 2003 nationibus
868 1922 1066 2019 Moldavis,
1087 1927 1279 2020 Valachis,
1301 1927 1486 2020 Tartaris,
1516 1949 1616 2024 quae

484 2056 593 2132 unico
611 2061 751 2128 tanturn
770 2049 892 2143 sibilo,
912 2072 957 2123 ac
984 2049 1257 2144 significatione
1277 2050 1456 2129 Caesaris
1484 2050 1615 2126 litera-

485 2205 577 2276 rum,
615 2202 757 2255 omnem
785 2177 840 2250 eis
867 2173 969 2249 illico
999 2176 1246 2254 calamitatem
1280 2187 1408 2254 essent
1436 2178 1615 2276 importa-

414 2384 418 2397 ,
484 2303 618 2384 turae?
656 2312 757 2380 certa
795 2303 899 2400 prius
939 2303 1213 2400 Trausylvanis
1242 2306 1468 2404 pereundum
1497 2315 1615 2394 esset,

486 2456 596 2532 quam
615 2430 676 2504 vel
694 2427 969 2528 persentiscere
998 2435 1138 2503 tautum
1167 2430 1266 2505 aliae
1294 2430 1463 2507 nationes
1482 2450 1614 2506 eorum

486 2557 595 2647 mala,
614 2553 746 2629 nedum
765 2576 872 2650 opem
890 2555 989 2627 ferre
1009 2552 1276 2649 laborantibus,
1302 2563 1466 2656 possent.

595 2678 693 2770 Quid
710 2685 831 2753 autem
850 2677 953 2752 aliud
970 2679 1175 2777 postulanti
1194 2680 1344 2773 Sinano,
1363 2688 1404 2756 ut
1434 2679 1507 2756 vim
1527 2679 1615 2757 hos-

484 2806 585 2881 tibus
603 2804 776 2897 inferant,
795 2804 1012 2902 responderi
1031 2807 1171 2903 possit,
1211 2831 1321 2904 qnam
1350 2829 1391 2883 se
1421 2805 1614 2882 adomnia

485 2941 650 3031 paratos,
669 2930 778 3006 simul
797 2938 910 3027 atque
928 2953 997 3029 per
1016 2933 1102 3007 anni
1130 2941 1276 3033 tempus
1303 2935 1425 3026 liceat,
1451 2933 1614 3008 officium

488 3081 573 3134 esse
591 3060 779 3143 facturos3
808 3056 974 3153 alioquin
1001 3057 1189 3135 diversum
1209 3061 1396 3162 quippiam
1416 3059 1613 3157 cogitanti-

488 3186 568 3278 bus,
588 3185 699 3260 obiioi
718 3183 845 3259 statim
863 3183 943 3258 iure
963 3191 1103 3282 posset,
1124 3186 1295 3263 simulate
1319 3209 1384 3262 eos
1412 3185 1523 3261 fidem
1553 3209 1612 3260 co·

487 3308 614 3404 luisse,
633 3333 715 3386 cum
734 3306 903 3400 Caesari,
925 3316 962 3382 ct
981 3309 1136 3400 nunciis,
1156 3320 1194 3386 et
1220 3313 1341 3388 literis
1360 3311 1611 3402 ostenderent,

487 3435 693 3511 eosdemse
713 3456 868 3533 quoque,
906 3455 1000 3531 quos
1033 3435 1111 3529 ille,
1131 3437 1341 3532 amicorum,
1377 3437 1613 3535 hostiumque

488 3562 569 3637 loco
589 3560 793 3637 habituros.
816 3559 980 3636 Proinde
1001 3560 1034 3634 si
1053 3562 1129 3636 iam
1149 3564 1273 3656 instet,
1294 3564 1491 3638 advenisse
1503 3585 1611 3638 occa·

488 3686 628 3761 sionem
647 3684 822 3785 explendi
840 3685 965 3778 debiti,
1000 3709 1074 3782 qua
1100 3686 1221 3762 fronte
1249 3689 1288 3762 id
1315 3689 1516 3785 negabunt.
1546 3685 1613 3762 Sin

488 3819 611 3887 autem
630 3811 809 3909 negarint,
830 3833 949 3886 nonne
968 3834 1036 3911 pro
1056 3813 1233 3889 convictis
1263 3835 1328 3888 eos
1354 3813 1480 3890 statim
1498 3813 1613 3890 habc-

487 3948 581 4030 rent,
600 3948 638 4014 et
655 3947 843 4038 tamquam
861 3959 948 4013 reos
977 3939 1195 4032 maiestatis,
1215 3940 1364 4016 omissis
1394 3939 1479 4016 aliis
1497 3940 1615 4017 hosti-

488 4064 569 4158 bus,
588 4064 676 4139 totis
696 4062 838 4138 viribus
857 4071 1109 4162 oppugnatum
1131 4065 1309 4140 venirent.
1340 4063 1416 4140 Sed
1435 4064 1553 4155 detur,
1575 4063 1613 4139 id

487 4189 765 4288 inpraesentia,
785 4188 977 4288 occupatis
995 4190 1221 4287 gravissimo
1231 4190 1342 4282 bello,
1362 4191 1614 4288 aliorsumque

490 4311 808 4404 contendentibus,
827 4314 930 4388 lactu
949 4313 1100 4390 difficile
1120 4315 1211 4391 fore.
1223 4314 1321 4406 Quid
1336 4315 1381 4389 -si
1401 4337 1482 4390 cum
1500 4311 1611 4390 Chri-

489 4437 622 4512 stianis
640 4437 678 4511 in
697 4439 857 4534 gratiam
875 4439 1050 4531 redirent,
1080 4463 1159 4516 curn
1189 4440 1322 4537 quibus
1350 4439 1509 4514 nondum
1539 4439 1615 4538 ipsi

488 4560 619 4636 foedus
639 4562 748 4637 ictum
767 4563 959 4660 haberent,
980 4589 1026 4638 an
1045 4586 1117 4638 non
1145 4565 1254 4661 primi
1283 4565 1337 4641 eis
1358 4563 1616 4660 Transylvani

490 4688 612 4760 statim
633 4694 878 4780 occurrerent,
900 4711 993 4786 quos
1013 4690 1086 4764 sibi
1105 4691 1265 4766 Barbari
1294 4691 1463 4765 omnibus
1493 4689 1615 4764 modis
