3625 5534
472 486 525 573 46
814 543 822 549 -
864 520 912 574 ro.
933 521 1033 574 naon
1051 522 1199 576 annovu

471 710 658 801 postemm
678 707 869 797 gesturus,
893 699 976 798 ipse
995 700 1176 798 tantisper
1194 699 1373 795 Belgradi
1391 721 1599 775 commora-
1636 701 1642 710 '

471 835 549 921 tus,
577 826 661 903 dum
680 826 842 902 Ianiaari
861 824 936 900 alio
955 824 1105 917 itinere,
1130 848 1211 900 cum
1230 825 1373 902 tardius
1403 825 1475 901 iter
1494 825 1600 900 face·

472 961 573 1048 rent,
597 954 854 1054 pervenirent3
882 951 1037 1052 proinde
1062 973 1142 1026 cum
1161 951 1356 1050 pedestres
1376 953 1487 1027 etiam
1506 952 1601 1028 illas

473 1081 601 1181 copias
620 1081 657 1155 in
683 1087 808 1156 castra
833 1077 1056 1178 recepisset,
1084 1100 1283 1177 omnesque
1311 1101 1392 1155 cum
1419 1077 1599 1176 equitum,

473 1216 547 1283 tum
557 1206 719 1306 peditum
734 1205 862 1303 copias
870 1203 1131 1293 recensuisset,
1151 1227 1246 1299 quae
1265 1204 1423 1279 nondum
1441 1202 1493 1279 30
1513 1205 1599 1280 mii-

473 1330 562 1409 lium
582 1338 804 1408 armatorum
823 1353 1012 1406 numerum
1023 1329 1261 1424 excedebant,
1277 1330 1447 1408 adductis
1466 1353 1599 1412 secum

473 1481 625 1534 exerce
652 1455 921 1553 Belegradensi
949 1447 1092 1530 centum
1120 1462 1158 1531 et
1182 1457 1395 1554 octuaginta
1423 1480 1598 1556 campes·

472 1585 592 1660 tribus
610 1584 813 1678 tormentis,
832 1581 1033 1673 undecimo,
1056 1588 1253 1679 postquam
1272 1607 1316 1660 eo
1336 1591 1500 1673 venerat,
1520 1583 1599 1678 die,
1731 1665 1732 1686 ,

474 1711 694 1787 transmisso
721 1719 834 1810 ponte
853 1706 970 1802 Savo,
1000 1708 1039 1782 in
1057 1707 1192 1784 finibus
1211 1709 1403 1807 Vagariae
1422 1708 1470 1785 ad
1488 1711 1600 1786 Zem-
1731 1747 1732 1810 ;

474 1836 586 1912 linum
613 1843 739 1912 castra
756 1836 890 1935 posuit.
923 1835 1022 1910 Dum
1051 1831 1211 1910 Sinarus
1239 1835 1419 1932 Belgradi
1436 1859 1598 1912 commo·
1731 1837 1732 1928 ζ

459 1970 589 2057 ¹ratur,
609 1965 796 2061 ingentem
814 1963 1209 2061 etiamTransylvanis
1227 1972 1362 2040 metum
1379 1964 1598 2058 incutiebat,
1731 1985 1732 2062 3

473 2091 535 2189 qui
555 2091 669 2166 variis
688 2115 735 2168 ea
753 2091 851 2168 dere
861 2090 1069 2167 rumoribus
1091 2091 1130 2164 in
1148 2091 1298 2167 diversa
1315 2093 1471 2191 sparsis,
1490 2115 1598 2188 mag·
1731 2115 1732 2192 j

472 2240 610 2315 nopere
639 2219 877 2311 verebantur,
905 2241 952 2295 ne
981 2219 1048 2294 sub
1068 2226 1263 2316 praetextu
1280 2217 1372 2293 belli
1391 2215 1598 2293 Germanis

472 2343 663 2437 inferendi,
682 2345 844 2443 ipsorum
870 2344 1098 2443 provinciam
1117 2344 1331 2438 invaderet,
1361 2367 1515 2443 eamque
1536 2369 1597 2420 ar·

474 2492 553 2544 cem
571 2471 726 2564 gerendi
756 2479 886 2548 contra
913 2468 1149 2548 Christianos
1168 2471 1259 2548 belli
1277 2470 1530 2546 constitueret.

929 2685 1127 2693 ..n—...mum-

797 2864 971 2945 OAPVT
1001 2863 1269 2946 OCTAVVM.

478 3029 641 3108 Sicanos
667 3034 797 3106 iterum
822 3032 1033 3130 depretionem
1061 3032 1111 3104 cd
1141 3031 1410 3129 Tronryiacnoa
1437 3033 1594 3129 repectu,
1731 3067 1732 3070 ¹

652 3159 750 3256 iique
768 3159 914 3231 comitia
934 3157 976 3229 dc
988 3157 1185 3253 postulatis
1203 3159 1405 3231 instituunt.

584 3323 659 3402 Sed
675 3323 748 3398 hac
766 3345 826 3415 re,
854 3329 976 3397 utrum
993 3321 1045 3396 ita
1063 3343 1104 3396 se
1123 3321 1312 3418 habuerit,
1340 3323 1378 3399 in
1397 3321 1507 3400 dubio
1536 3348 1595 3400 re-

475 3451 573 3533 licta,
594 3449 642 3525 ad
661 3447 837 3524 Sinanum
855 3449 1067 3542 redeamus,
1098 3448 1159 3545 qui
1185 3472 1258 3525 non
1276 3451 1464 3525 immemor
1490 3451 1596 3527 insti·

475 3577 543 3652 tuti
572 3577 647 3668 sui,
678 3576 786 3650 simul
805 3583 915 3673 atque
934 3576 1159 3672 Belgradum
1177 3577 1373 3674 attigerat,
1393 3599 1456 3652 cur
1475 3578 1595 3673 legati

476 3701 727 3801 Traasylvani
755 3723 827 3777 non
854 3701 1054 3796 adessent,
1092 3703 1217 3778 statim
1245 3702 1485 3801 perquisivit,
1512 3729 1593 3780 rur-

476 3850 612 3927 susque
639 3829 808 3904 nuncium
835 3828 883 3903 ad
902 3826 1112 3926 Principem
1140 3850 1222 3903 oum
1240 3827 1358 3904 literis
1387 3825 1591 3923 Sigismun-

475 3955 559 4031 dum
577 3955 686 4044 misit,
706 3954 804 4030 serio
821 3953 952 4030 iubens
962 3951 1138 4030 Caesaris
1148 3954 1303 4048 nomine,
1322 3963 1373 4049 ut,
1390 3953 1592 4053 sicutpric-

474 4081 577 4158 ribus
594 4081 715 4157 literis
738 4089 999 4180 praeceperat,
1029 4081 1175 4178 quantis
1202 4088 1332 4179 posset
1349 4080 1518 4155 maximis
1538 4083 1591 4155 vi-

477 4208 590 4299 ribus,
609 4206 811 4283 coniunctis
830 4230 911 4283 cum
930 4206 1025 4301 illis,
1055 4229 1148 4304 quas
1166 4207 1289 4281 Bassa
1309 4206 1592 4282 Temesvarien-

477 4336 531 4410 sis
549 4334 749 4410 instructas
759 4333 807 4410 ad
825 4335 961 4410 bellum
970 4333 1135 4428 haberet,
1156 4333 1491 4431 communicatoque
1510 4357 1591 4410 cum

477 4485 521 4538 eo
540 4460 714 4552 consilio,
741 4461 779 4535 in
797 4460 955 4536 hostium
980 4459 1154 4537 ditionem
1173 4461 1340 4554 duceret,
1369 4459 1590 4536 Callovinm·

478 4611 558 4685 quc,
577 4594 614 4662 et
633 4587 729 4662 alias
748 4611 866 4678 arces,
885 4608 979 4684 quas
998 4587 1198 4662 inclinante
1217 4588 1290 4663 iam
1310 4587 1380 4662 hoc
1398 4587 1484 4663 anui
1502 4596 1591 4662 tem-

475 4738 566 4814 pore
576 4713 800 4788 commodum
810 4715 844 4788 ei
855 4723 964 4806 esset,
975 4715 1245 4811 inpotestatem
1255 4715 1442 4809 redigeret
1476 4713 1592 4791 Prae-
