3625 5534
485 529 534 579 nu
553 528 634 580 nnn.
653 525 738 579 vro.
758 525 842 596 nuc.
863 525 898 578 r.
918 524 952 576 n.
973 522 1021 576 rv.
1265 501 1317 580 66
1457 558 1460 564 -

431 1339 666 1434 LIBER
704 1336 1079 1439 QVARTVS.

543 1580 719 1709 onpvu
748 1620 967 1697 nuruum.

205 1804 256 1876 Dc
286 1804 459 1878 divisione
486 1805 686 1899 capsarum,
715 1815 746 1874 et
775 1800 960 1897 colloquio
979 1800 1109 1900 tepori
1141 1799 1317 1899 Trans-pl·

557 1929 680 2000 vuoice'
698 1950 782 1999 cum
805 1921 958 2001 Sicano.

299 2090 475 2189 Bipartiri
501 2087 697 2163 universas
725 2087 853 2184 copias
881 2087 1037 2184 placuit,
1067 2090 1187 2164 altera
1214 2112 1316 2190 pars,

206 2238 312 2312 eaque
329 2215 461 2314 potior,
480 2214 590 2288 ductu
609 2211 790 2310 Stephani
800 2211 980 2287 Bathorei
991 2214 1219 2305 Varpdinnm
1231 2216 1316 2290 mis·

205 2363 253 2432 aa,
268 2350 308 2416 ut
324 2342 375 2415 ibi
394 2348 545 2439 captata
563 2363 611 2414 ex
629 2361 681 2428 re,
715 2346 752 2412 et
776 2345 942 2435 tempore
962 2339 1168 2434 occasione,
1208 2341 1318 2416 simul

205 2487 275 2542 cum
292 2467 415 2542 Bassa
433 2464 747 2557 Temesvarieusi,
768 2463 942 2555 sedulio,
962 2487 1071 2560 quam
1098 2465 1133 2539 is
1155 2473 1316 2563 putaret,

204 2590 313 2664 auimo
343 2613 420 2665 rem
447 2595 605 2684 gereret.
643 2584 735 2663 (lum
763 2588 884 2661 altera
903 2586 1033 2661 codem
1052 2588 1090 2662 in
1108 2590 1192 2665 loco
1210 2588 1317 2665 Prin*

203 2738 291 2813 ceps,
327 2715 435 2812 quasi
462 2714 659 2790 conatibus
688 2713 859 2804 hostium,
897 2713 960 2810 qui
988 2714 1065 2789 alia
1084 2738 1131 2790 cx
1150 2709 1315 2814 partein

201 2841 415 2937 provinciam
443 2855 569 2917 essent
589 2839 797 2932 involaturi,
818 2838 966 2914 obviam
995 2840 1113 2916 iturus
1132 2840 1313 2918 subsistit.

202 2962 286 3040 Cum
302 2969 395 3042 haec
412 2967 467 3042 ita
483 2974 693 3064 agerentur,
720 2965 867 3039 interea
885 2960 1104 3063 Senuyeins,
1123 2991 1147 3041 a
1176 2966 1315 3043 Siuauo

203 3091 347 3185 rediem,
367 3114 463 3190 quae
482 3094 531 3166 ab
551 3113 594 3166 eo
614 3091 813 3189 acceperit,
852 3088 980 3167 ordine
1008 3091 1131 3166 omnia
1159 3115 1315 3168 comme·

203 3218 357 3312 moravit,
378 3218 427 3292 ad
446 3216 680 3292 Mohaohium
698 3216 800 3290 illum
820 3237 862 3290 se
892 3217 1091 3313 reperisse,
1125 3239 1206 3292 cum
1230 3219 1315 3294 Bel·

199 3341 328 3421 lerbeio
354 3343 432 3420 tilio
461 3343 615 3419 societis
642 3340 766 3433 armis,
803 3341 842 3414 iu
877 3340 1006 3417 hostes
1043 3353 1315 3442 properantem,

202 3468 352 3545 sumum
380 3470 493 3545 etiam
520 3472 568 3544 ab
596 3491 641 3543 eo
669 3467 835 3566 placide,
873 3489 1026 3543 munere
1055 3469 1091 3543 ei
1124 3447 1315 3564 obtulisse,

201 3613 314 3669 verum
333 3595 446 3671 nullis
465 3595 649 3694 precibus,
668 3601 706 3669 et
731 3591 1064 3690 pollicitationibus
1082 3595 1232 3673 flectere
1240 3596 1316 3671 ani·

200 3739 285 3792 mum
302 3720 477 3818 poturisse,
496 3720 536 3794 id
552 3727 693 3794 tautum
721 3726 912 3816 perpetua,
946 3721 1203 3818 constantique
1232 3745 1314 3796 ora-

199 3841 288 3918 tione
304 3830 560 3936 contendente,
574 3852 615 3919 ut
633 3844 668 3918 si
686 3842 851 3942 Principi
878 3844 966 3938 vita,
995 3847 1171 3943 salusque
1199 3846 1314 3921 chara

200 3979 322 4060 essent,
341 3971 446 4045 nulla
462 3969 682 4066 interposita
700 3993 813 4062 mora,
841 3970 930 4045 totis
957 3971 997 4045 iu
1024 3973 1152 4047 hostes
1171 3972 1313 4048 viribus

199 4091 423 4171 incumberet.
443 4097 503 4171 Ita
519 4095 629 4169 etiam
648 4094 751 4169 illum
771 4116 866 4186 esse,
903 4096 1065 4170 ferocem
1092 4100 1225 4171 natura
1248 4097 1314 4172 ho·

199 4218 330 4313 minem,
350 4222 397 4296 de
417 4243 459 4296 se
477 4241 707 4318 persuasum,
725 4228 766 4295 ut
783 4219 906 4294 omnia
925 4220 998 4295 sibi
1015 4243 1134 4318 prona
1143 4221 1192 4296 ad
1201 4222 1315 4298 victo·

198 4342 289 4436 uam,
326 4352 364 4420 et
399 4346 525 4421 facilia
549 4353 663 4443 putet,
700 4353 876 4441 certoque
904 4344 1075 4436 affirmet,
1114 4353 1313 4443 antequam

198 4466 314 4564 hyems
339 4495 422 4547 eum
452 4475 500 4548 ab
519 4494 632 4572 opere
649 4479 812 4560 revocet,
844 4471 938 4545 duas
967 4493 1009 4545 se
1028 4492 1136 4546 arces
1156 4468 1314 4568 Vespri-

198 4596 296 4670 nium
325 4605 363 4673 et
379 4597 549 4675 Palotam
567 4606 810 4696 recepturum,
829 4603 1029 4694 appetente
1048 4596 1191 4672 demum
1215 4618 1314 4671 uovo

199 4740 286 4814 vere,
315 4723 498 4799 Viennam
527 4725 657 4821 ipsam,
695 4723 932 4818 Pragamque
959 4721 1062 4797 nullu
1091 4745 1250 4820 unquam
1273 4721 1314 4795 in

219 4855 325 4898 lom.
339 4859 430 4900 EVM.
444 4860 515 4901 mnu·
538 4881 563 4890 —
578 4861 767 4902 sommum.
781 4861 851 4900 XVll.
1161 4865 1183 4925 ὑ
