<?xml version="1.0" encoding="UTF-8"?>
<!DOCTYPE html PUBLIC "-//W3C//DTD XHTML 1.0 Transitional//EN"
    "http://www.w3.org/TR/xhtml1/DTD/xhtml1-transitional.dtd">
<html xmlns="http://www.w3.org/1999/xhtml" xml:lang="en" lang="en">
 <head>
  <title>
</title>
<meta http-equiv="Content-Type" content="text/html;charset=utf-8" />
  <meta name='ocr-system' content='tesseract 3.04.00' />
  <meta name='ocr-capabilities' content='ocr_page ocr_carea ocr_par ocr_line ocrx_word'/>
</head>
<body>
  <div class='ocr_page' id='page_1' title='image "./magyarhistorija00decsgoog_0326.png"; bbox 0 0 3625 5534; ppageno 0'>
   <div class='ocr_carea' id='block_1_1' title="bbox 462 495 1200 573">
    <p class='ocr_par' dir='ltr' id='par_1_1' title="bbox 462 495 1200 573">
     <span class='ocr_line' id='line_1_1' title="bbox 462 495 1200 573; baseline -0.003 -1"><span class='ocrx_word' id='word_1_1' title='bbox 462 495 540 572; x_wconf 84' lang='lat'><strong>236</strong></span> <span class='ocrx_word' id='word_1_2' title='bbox 863 520 912 570; x_wconf 92' lang='lat'><strong>10.</strong></span> <span class='ocrx_word' id='word_1_3' title='bbox 932 519 1032 570; x_wconf 85' lang='lat' dir='ltr'><strong>nucu</strong></span> <span class='ocrx_word' id='word_1_4' title='bbox 1051 519 1200 573; x_wconf 81' lang='lat' dir='ltr'><strong>nnnovu</strong></span> 
     </span>
    </p>
   </div>
   <div class='ocr_carea' id='block_1_2' title="bbox 376 693 1592 4830">
    <p class='ocr_par' dir='ltr' id='par_1_2' title="bbox 376 693 1592 4830">
     <span class='ocr_line' id='line_1_2' title="bbox 461 693 1592 793; baseline 0.003 -27"><span class='ocrx_word' id='word_1_5' title='bbox 461 693 687 770; x_wconf 86' lang='lat' dir='ltr'><strong>iureiurandi</strong></span> <span class='ocrx_word' id='word_1_6' title='bbox 706 702 918 770; x_wconf 81' lang='lat' dir='ltr'><strong>reverenter</strong></span> <span class='ocrx_word' id='word_1_7' title='bbox 949 695 1183 782; x_wconf 75' lang='lat' dir='ltr'><strong>admonebat</strong></span> <span class='ocrx_word' id='word_1_8' title='bbox 1215 718 1286 793; x_wconf 93' lang='lat' dir='ltr'><strong>quo</strong></span> <span class='ocrx_word' id='word_1_9' title='bbox 1318 718 1359 771; x_wconf 90' lang='lat' dir='ltr'><strong>se</strong></span> <span class='ocrx_word' id='word_1_10' title='bbox 1390 697 1437 770; x_wconf 89' lang='lat' dir='ltr'><strong>ad</strong></span> <span class='ocrx_word' id='word_1_11' title='bbox 1467 698 1592 771; x_wconf 89' lang='lat' dir='ltr'><strong>obser-</strong></span> 
     </span>
     <span class='ocr_line' id='line_1_3' title="bbox 464 821 1590 919; baseline 0.008 -31"><span class='ocrx_word' id='word_1_12' title='bbox 464 821 584 894; x_wconf 89' lang='lat' dir='ltr'><strong>vanda</strong></span> <span class='ocrx_word' id='word_1_13' title='bbox 602 822 760 896; x_wconf 90' lang='lat' dir='ltr'><strong>omnium</strong></span> <span class='ocrx_word' id='word_1_14' title='bbox 779 822 955 895; x_wconf 85' lang='lat' dir='ltr'>nobilium</span> <span class='ocrx_word' id='word_1_15' title='bbox 975 821 1174 919; x_wconf 91' lang='lat' dir='ltr'><strong>privilegia</strong></span> <span class='ocrx_word' id='word_1_16' title='bbox 1193 821 1469 896; x_wconf 82' lang='lat' dir='ltr'><strong>adstrinxisset.</strong></span> <span class='ocrx_word' id='word_1_17' title='bbox 1503 821 1590 897; x_wconf 92' lang='lat' dir='ltr'><strong>Pro-</strong></span> 
     </span>
     <span class='ocr_line' id='line_1_4' title="bbox 376 943 1590 1044; baseline 0.006 -29"><span class='ocrx_word' id='word_1_18' title='bbox 376 947 379 950; x_wconf 77' lang='grc'>’</span> <span class='ocrx_word' id='word_1_19' title='bbox 464 943 549 1020; x_wconf 92' lang='lat' dir='ltr'><strong>inde</strong></span> <span class='ocrx_word' id='word_1_20' title='bbox 569 947 677 1021; x_wconf 90' lang='lat' dir='ltr'><strong>etiam</strong></span> <span class='ocrx_word' id='word_1_21' title='bbox 699 955 811 1044; x_wconf 89' lang='lat' dir='ltr'><strong>atque</strong></span> <span class='ocrx_word' id='word_1_22' title='bbox 831 947 941 1022; x_wconf 90' lang='lat' dir='ltr'><strong>etiam</strong></span> <span class='ocrx_word' id='word_1_23' title='bbox 962 948 1129 1040; x_wconf 87' lang='lat' dir='ltr'><strong>orabant,</strong></span> <span class='ocrx_word' id='word_1_24' title='bbox 1158 955 1198 1023; x_wconf 92' lang='lat' dir='ltr'><strong>ut</strong></span> <span class='ocrx_word' id='word_1_25' title='bbox 1223 947 1395 1044; x_wconf 91' lang='lat' dir='ltr'><strong>qnoniam</strong></span> <span class='ocrx_word' id='word_1_26' title='bbox 1414 949 1590 1023; x_wconf 89' lang='lat' dir='ltr'><strong>vetustis-</strong></span> 
     </span>
     <span class='ocr_line' id='line_1_5' title="bbox 463 1070 1590 1172; baseline 0.005 -30"><span class='ocrx_word' id='word_1_27' title='bbox 463 1070 566 1145; x_wconf 86' lang='lat' dir='ltr'><strong>simis</strong></span> <span class='ocrx_word' id='word_1_28' title='bbox 585 1072 767 1147; x_wconf 89' lang='lat' dir='ltr'><strong>Divorum</strong></span> <span class='ocrx_word' id='word_1_29' title='bbox 787 1073 998 1171; x_wconf 84' lang='lat' dir='ltr'>Principum</span> <span class='ocrx_word' id='word_1_30' title='bbox 1026 1073 1235 1172; x_wconf 88' lang='lat' dir='ltr'><strong>privilegiis</strong></span> <span class='ocrx_word' id='word_1_31' title='bbox 1265 1083 1392 1150; x_wconf 79' lang='lat' dir='ltr'><strong>essent</strong></span> <span class='ocrx_word' id='word_1_32' title='bbox 1410 1071 1527 1150; x_wconf 87' lang='lat' dir='ltr'><strong>Siculi</strong></span> <span class='ocrx_word' id='word_1_33' title='bbox 1554 1075 1590 1148; x_wconf 96' lang='lat' dir='ltr'><strong>in</strong></span> 
     </span>
     <span class='ocr_line' id='line_1_6' title="bbox 463 1197 1589 1294; baseline 0.003 -24"><span class='ocrx_word' id='word_1_34' title='bbox 463 1220 544 1271; x_wconf 91' lang='lat' dir='ltr'><strong>eam</strong></span> <span class='ocrx_word' id='word_1_35' title='bbox 563 1197 734 1294; x_wconf 83' lang='lat' dir='ltr'><strong>plebeiae</strong></span> <span class='ocrx_word' id='word_1_36' title='bbox 754 1200 974 1274; x_wconf 89' lang='lat' dir='ltr'><strong>conditionis</strong></span> <span class='ocrx_word' id='word_1_37' title='bbox 994 1201 1210 1275; x_wconf 87' lang='lat' dir='ltr'><strong>servitutem</strong></span> <span class='ocrx_word' id='word_1_38' title='bbox 1230 1201 1383 1293; x_wconf 82' lang='lat' dir='ltr'><strong>redacti,</strong></span> <span class='ocrx_word' id='word_1_39' title='bbox 1409 1223 1479 1275; x_wconf 89' lang='lat' dir='ltr'><strong>neo</strong></span> <span class='ocrx_word' id='word_1_40' title='bbox 1499 1197 1589 1274; x_wconf 85' lang='lat' dir='ltr'><strong>vero</strong></span> 
     </span>
     <span class='ocr_line' id='line_1_7' title="bbox 462 1323 1589 1425; baseline 0.003 -30"><span class='ocrx_word' id='word_1_41' title='bbox 462 1323 693 1398; x_wconf 88' lang='lat' dir='ltr'><strong>conditiones</strong></span> <span class='ocrx_word' id='word_1_42' title='bbox 711 1325 809 1415; x_wconf 71' lang='lat' dir='ltr'><strong>illas,</strong></span> <span class='ocrx_word' id='word_1_43' title='bbox 829 1327 963 1422; x_wconf 89' lang='lat' dir='ltr'><strong>quibus</strong></span> <span class='ocrx_word' id='word_1_44' title='bbox 983 1349 1101 1425; x_wconf 83' lang='lat' dir='ltr'><strong>nuper</strong></span> <span class='ocrx_word' id='word_1_45' title='bbox 1120 1326 1157 1399; x_wconf 92' lang='lat' dir='ltr'><strong>in</strong></span> <span class='ocrx_word' id='word_1_46' title='bbox 1167 1325 1361 1424; x_wconf 87' lang='lat' dir='ltr'><strong>pristinam</strong></span> <span class='ocrx_word' id='word_1_47' title='bbox 1379 1325 1589 1402; x_wconf 87' lang='lat' dir='ltr'><strong>libertatem</strong></span> 
     </span>
     <span class='ocr_line' id='line_1_8' title="bbox 461 1448 1590 1550; baseline 0.006 -32"><span class='ocrx_word' id='word_1_48' title='bbox 461 1448 636 1524; x_wconf 90' lang='lat' dir='ltr'><strong>vindicati</strong></span> <span class='ocrx_word' id='word_1_49' title='bbox 667 1451 823 1542; x_wconf 78' lang='lat' dir='ltr'><strong>fuerant,</strong></span> <span class='ocrx_word' id='word_1_50' title='bbox 851 1454 928 1525; x_wconf 88' lang='lat' dir='ltr'><strong>ulla</strong></span> <span class='ocrx_word' id='word_1_51' title='bbox 956 1460 1129 1550; x_wconf 84' lang='lat' dir='ltr'><strong>exparte</strong></span> <span class='ocrx_word' id='word_1_52' title='bbox 1149 1452 1431 1528; x_wconf 81' lang='lat' dir='ltr'><strong>observassent:</strong></span> <span class='ocrx_word' id='word_1_53' title='bbox 1463 1453 1590 1527; x_wconf 92' lang='lat' dir='ltr'><strong>mallet</strong></span> 
     </span>
     <span class='ocr_line' id='line_1_9' title="bbox 461 1571 1587 1673; baseline 0.005 -29"><span class='ocrx_word' id='word_1_54' title='bbox 461 1571 639 1671; x_wconf 83' lang='lat' dir='ltr'><strong>Princeps</strong></span> <span class='ocrx_word' id='word_1_55' title='bbox 657 1577 842 1667; x_wconf 77' lang='lat' dir='ltr'>nobilium,</span> <span class='ocrx_word' id='word_1_56' title='bbox 872 1601 981 1673; x_wconf 88' lang='lat' dir='ltr'><strong>qnam</strong></span> <span class='ocrx_word' id='word_1_57' title='bbox 1001 1600 1123 1652; x_wconf 90' lang='lat' dir='ltr'><strong>eorum</strong></span> <span class='ocrx_word' id='word_1_58' title='bbox 1143 1576 1325 1654; x_wconf 89' lang='lat' dir='ltr'><strong>rationem</strong></span> <span class='ocrx_word' id='word_1_59' title='bbox 1343 1577 1497 1669; x_wconf 89' lang='lat' dir='ltr'><strong>habere,</strong></span> <span class='ocrx_word' id='word_1_60' title='bbox 1526 1577 1587 1673; x_wconf 92' lang='lat' dir='ltr'><strong>qui</strong></span> 
     </span>
     <span class='ocr_line' id='line_1_10' title="bbox 461 1699 1587 1801; baseline 0.005 -30"><span class='ocrx_word' id='word_1_61' title='bbox 461 1699 559 1776; x_wconf 91' lang='lat' dir='ltr'><strong>binis</strong></span> <span class='ocrx_word' id='word_1_62' title='bbox 577 1701 650 1776; x_wconf 91' lang='lat' dir='ltr'><strong>iam</strong></span> <span class='ocrx_word' id='word_1_63' title='bbox 669 1703 937 1780; x_wconf 84' lang='lat' dir='ltr'><strong>rebellionibus</strong></span> <span class='ocrx_word' id='word_1_64' title='bbox 956 1704 1026 1780; x_wconf 91' lang='lat' dir='ltr'><strong>hos</strong></span> <span class='ocrx_word' id='word_1_65' title='bbox 1048 1704 1238 1780; x_wconf 89' lang='lat' dir='ltr'><strong>servitutis</strong></span> <span class='ocrx_word' id='word_1_66' title='bbox 1258 1706 1413 1801; x_wconf 91' lang='lat' dir='ltr'><strong>laqueos</strong></span> <span class='ocrx_word' id='word_1_67' title='bbox 1442 1704 1518 1779; x_wconf 88' lang='lat' dir='ltr'><strong>sibi</strong></span> <span class='ocrx_word' id='word_1_68' title='bbox 1537 1703 1587 1777; x_wconf 92' lang='lat' dir='ltr'><strong>in-</strong></span> 
     </span>
     <span class='ocr_line' id='line_1_11' title="bbox 463 1822 1587 1926; baseline 0.005 -30"><span class='ocrx_word' id='word_1_69' title='bbox 463 1822 666 1902; x_wconf 89' lang='lat' dir='ltr'><strong>duxissent.</strong></span> <span class='ocrx_word' id='word_1_70' title='bbox 687 1827 782 1902; x_wconf 90' lang='lat' dir='ltr'><strong>Illos</strong></span> <span class='ocrx_word' id='word_1_71' title='bbox 802 1837 934 1926; x_wconf 89' lang='lat' dir='ltr'><strong>suapte</strong></span> <span class='ocrx_word' id='word_1_72' title='bbox 954 1836 1087 1906; x_wconf 86' lang='lat' dir='ltr'><strong>natura</strong></span> <span class='ocrx_word' id='word_1_73' title='bbox 1107 1828 1300 1905; x_wconf 83' lang='lat' dir='ltr'><strong>seditionis</strong></span> <span class='ocrx_word' id='word_1_74' title='bbox 1319 1835 1488 1903; x_wconf 88' lang='lat' dir='ltr'><strong>amantes</strong></span> <span class='ocrx_word' id='word_1_75' title='bbox 1511 1828 1587 1902; x_wconf 90' lang='lat' dir='ltr'><strong>iure</strong></span> 
     </span>
     <span class='ocr_line' id='line_1_12' title="bbox 461 1950 1587 2046; baseline 0.003 -23"><span class='ocrx_word' id='word_1_76' title='bbox 461 1950 671 2026; x_wconf 88' lang='lat' dir='ltr'><strong>libertatem</strong></span> <span class='ocrx_word' id='word_1_77' title='bbox 691 1977 796 2027; x_wconf 92' lang='lat' dir='ltr'><strong>suam</strong></span> <span class='ocrx_word' id='word_1_78' title='bbox 815 1954 1000 2046; x_wconf 86' lang='lat' dir='ltr'><strong>amisisse,</strong></span> <span class='ocrx_word' id='word_1_79' title='bbox 1029 1963 1065 2031; x_wconf 88' lang='lat' dir='ltr'><strong>et</strong></span> <span class='ocrx_word' id='word_1_80' title='bbox 1090 1957 1286 2031; x_wconf 84' lang='lat' dir='ltr'><strong>etiamnum</strong></span> <span class='ocrx_word' id='word_1_81' title='bbox 1315 1953 1467 2029; x_wconf 88' lang='lat' dir='ltr'><strong>violatis</strong></span> <span class='ocrx_word' id='word_1_82' title='bbox 1485 1976 1587 2028; x_wconf 89' lang='lat' dir='ltr'><strong>recu-</strong></span> 
     </span>
     <span class='ocr_line' id='line_1_13' title="bbox 460 2076 1587 2178; baseline 0.004 -29"><span class='ocrx_word' id='word_1_83' title='bbox 460 2083 616 2172; x_wconf 88' lang='lat' dir='ltr'><strong>peratae</strong></span> <span class='ocrx_word' id='word_1_84' title='bbox 646 2076 832 2153; x_wconf 83' lang='lat' dir='ltr'><strong>libertatis</strong></span> <span class='ocrx_word' id='word_1_85' title='bbox 860 2080 1131 2158; x_wconf 92' lang='lat' dir='ltr'><strong>conditionibus</strong></span> <span class='ocrx_word' id='word_1_86' title='bbox 1160 2081 1207 2155; x_wconf 89' lang='lat' dir='ltr'><strong>ad</strong></span> <span class='ocrx_word' id='word_1_87' title='bbox 1230 2078 1417 2178; x_wconf 86' lang='lat' dir='ltr'><strong>publicam</strong></span> <span class='ocrx_word' id='word_1_88' title='bbox 1437 2077 1587 2154; x_wconf 90' lang='lat' dir='ltr'><strong>seditio-</strong></span> 
     </span>
     <span class='ocr_line' id='line_1_14' title="bbox 461 2203 1587 2305; baseline 0.003 -30"><span class='ocrx_word' id='word_1_89' title='bbox 461 2224 544 2276; x_wconf 90' lang='lat' dir='ltr'><strong>nem</strong></span> <span class='ocrx_word' id='word_1_90' title='bbox 563 2211 754 2300; x_wconf 89' lang='lat' dir='ltr'><strong>speotare:</strong></span> <span class='ocrx_word' id='word_1_91' title='bbox 784 2229 864 2280; x_wconf 92' lang='lat' dir='ltr'><strong>cnm</strong></span> <span class='ocrx_word' id='word_1_92' title='bbox 883 2206 1027 2282; x_wconf 89' lang='lat' dir='ltr'><strong>iuterim</strong></span> <span class='ocrx_word' id='word_1_93' title='bbox 1046 2207 1119 2305; x_wconf 89' lang='lat' dir='ltr'><strong>ipsi</strong></span> <span class='ocrx_word' id='word_1_94' title='bbox 1139 2214 1177 2283; x_wconf 91' lang='lat' dir='ltr'><strong>et</strong></span> <span class='ocrx_word' id='word_1_95' title='bbox 1196 2212 1306 2282; x_wconf 90' lang='lat' dir='ltr'><strong>antea</strong></span> <span class='ocrx_word' id='word_1_96' title='bbox 1325 2225 1472 2302; x_wconf 89' lang='lat' dir='ltr'><strong>semper</strong></span> <span class='ocrx_word' id='word_1_97' title='bbox 1502 2203 1587 2278; x_wconf 89' lang='lat' dir='ltr'><strong>fide-</strong></span> 
     </span>
     <span class='ocr_line' id='line_1_15' title="bbox 460 2329 1584 2432; baseline 0 -29"><span class='ocrx_word' id='word_1_98' title='bbox 460 2330 641 2406; x_wconf 90' lang='lat' dir='ltr'><strong>lissimam</strong></span> <span class='ocrx_word' id='word_1_99' title='bbox 660 2332 806 2430; x_wconf 89' lang='lat' dir='ltr'><strong>patriae</strong></span> <span class='ocrx_word' id='word_1_100' title='bbox 816 2332 1054 2432; x_wconf 88' lang='lat' dir='ltr'><strong>Principique</strong></span> <span class='ocrx_word' id='word_1_101' title='bbox 1074 2357 1226 2432; x_wconf 90' lang='lat' dir='ltr'><strong>operam</strong></span> <span class='ocrx_word' id='word_1_102' title='bbox 1237 2330 1470 2423; x_wconf 88' lang='lat' dir='ltr'><strong>navaverint‚</strong></span> <span class='ocrx_word' id='word_1_103' title='bbox 1493 2329 1584 2404; x_wconf 90' lang='lat' dir='ltr'><strong>etin</strong></span> 
     </span>
     <span class='ocr_line' id='line_1_16' title="bbox 393 2456 1586 2557; baseline 0 -29"><span class='ocrx_word' id='word_1_104' title='bbox 393 2494 397 2500; x_wconf 84' lang='lat'><strong>·</strong></span> <span class='ocrx_word' id='word_1_105' title='bbox 460 2464 654 2554; x_wconf 88' lang='lat' dir='ltr'><strong>posterum</strong></span> <span class='ocrx_word' id='word_1_106' title='bbox 682 2465 884 2533; x_wconf 91' lang='lat' dir='ltr'><strong>navaturos</strong></span> <span class='ocrx_word' id='word_1_107' title='bbox 913 2482 965 2552; x_wconf 89' lang='lat' dir='ltr'><strong>se,</strong></span> <span class='ocrx_word' id='word_1_108' title='bbox 997 2460 1192 2557; x_wconf 87' lang='lat' dir='ltr'><strong>omniaque</strong></span> <span class='ocrx_word' id='word_1_109' title='bbox 1219 2456 1371 2534; x_wconf 89' lang='lat' dir='ltr'><strong>militiae</strong></span> <span class='ocrx_word' id='word_1_110' title='bbox 1391 2479 1507 2530; x_wconf 89' lang='lat' dir='ltr'><strong>onera</strong></span> <span class='ocrx_word' id='word_1_111' title='bbox 1526 2477 1586 2529; x_wconf 85' lang='lat' dir='ltr'><strong>ex·</strong></span> 
     </span>
     <span class='ocr_line' id='line_1_17' title="bbox 463 2577 1585 2690; baseline -0.001 -36"><span class='ocrx_word' id='word_1_112' title='bbox 463 2577 670 2656; x_wconf 89' lang='lat' dir='ltr'><strong>antlaturos</strong></span> <span class='ocrx_word' id='word_1_113' title='bbox 705 2581 963 2681; x_wconf 81' lang='lat' dir='ltr'><strong>polliceantur.</strong></span> <span class='ocrx_word' id='word_1_114' title='bbox 1001 2584 1108 2660; x_wconf 87' lang='lat' dir='ltr'><strong>Haec</strong></span> <span class='ocrx_word' id='word_1_115' title='bbox 1127 2593 1238 2683; x_wconf 87' lang='lat' dir='ltr'><strong>atque</strong></span> <span class='ocrx_word' id='word_1_116' title='bbox 1266 2583 1341 2660; x_wconf 91' lang='lat' dir='ltr'><strong>alia</strong></span> <span class='ocrx_word' id='word_1_117' title='bbox 1360 2577 1585 2690; x_wconf 84' lang='lat' dir='ltr'><strong>singularia</strong></span> 
     </span>
     <span class='ocr_line' id='line_1_18' title="bbox 462 2707 1585 2808; baseline 0 -28"><span class='ocrx_word' id='word_1_118' title='bbox 462 2707 711 2805; x_wconf 90' lang='lat' dir='ltr'><strong>compluribus</strong></span> <span class='ocrx_word' id='word_1_119' title='bbox 749 2711 916 2787; x_wconf 82' lang='lat' dir='ltr'>acumine</span> <span class='ocrx_word' id='word_1_120' title='bbox 954 2712 1186 2808; x_wconf 81' lang='lat' dir='ltr'><strong>excogitata,</strong></span> <span class='ocrx_word' id='word_1_121' title='bbox 1216 2735 1296 2787; x_wconf 88' lang='lat' dir='ltr'><strong>eum</strong></span> <span class='ocrx_word' id='word_1_122' title='bbox 1328 2711 1365 2785; x_wconf 93' lang='lat' dir='ltr'><strong>in</strong></span> <span class='ocrx_word' id='word_1_123' title='bbox 1394 2716 1585 2805; x_wconf 88' lang='lat' dir='ltr'><strong>utramque</strong></span> 
     </span>
     <span class='ocr_line' id='line_1_19' title="bbox 461 2835 1586 2936; baseline -0.002 -28"><span class='ocrx_word' id='word_1_124' title='bbox 461 2839 606 2930; x_wconf 90' lang='lat' dir='ltr'><strong>partem</strong></span> <span class='ocrx_word' id='word_1_125' title='bbox 625 2835 736 2910; x_wconf 81' lang='lat' dir='ltr'><strong>anxie</strong></span> <span class='ocrx_word' id='word_1_126' title='bbox 755 2835 938 2936; x_wconf 82' lang='lat' dir='ltr'><strong>Princeps</strong></span> <span class='ocrx_word' id='word_1_127' title='bbox 958 2861 1081 2914; x_wconf 89' lang='lat' dir='ltr'><strong>secum</strong></span> <span class='ocrx_word' id='word_1_128' title='bbox 1101 2839 1344 2936; x_wconf 89' lang='lat' dir='ltr'><strong>disquireret:</strong></span> <span class='ocrx_word' id='word_1_129' title='bbox 1365 2857 1473 2933; x_wconf 89' lang='lat' dir='ltr'>quem</span> <span class='ocrx_word' id='word_1_130' title='bbox 1491 2835 1586 2908; x_wconf 89' lang='lat' dir='ltr'><strong>inter</strong></span> 
     </span>
     <span class='ocr_line' id='line_1_20' title="bbox 460 2959 1586 3061; baseline -0.001 -29"><span class='ocrx_word' id='word_1_131' title='bbox 460 2959 616 3056; x_wconf 84' lang='lat' dir='ltr'><strong>scyllam</strong></span> <span class='ocrx_word' id='word_1_132' title='bbox 636 2971 673 3036; x_wconf 93' lang='lat' dir='ltr'><strong>et</strong></span> <span class='ocrx_word' id='word_1_133' title='bbox 692 2963 898 3060; x_wconf 83' lang='lat' dir='ltr'><strong>charybdin</strong></span> <span class='ocrx_word' id='word_1_134' title='bbox 919 2987 1065 3039; x_wconf 91' lang='lat' dir='ltr'><strong>cursum</strong></span> <span class='ocrx_word' id='word_1_135' title='bbox 1083 2971 1221 3056; x_wconf 88' lang='lat' dir='ltr'><strong>tenere,</strong></span> <span class='ocrx_word' id='word_1_136' title='bbox 1246 2963 1379 3061; x_wconf 90' lang='lat' dir='ltr'><strong>quidve</strong></span> <span class='ocrx_word' id='word_1_137' title='bbox 1406 2960 1444 3034; x_wconf 92' lang='lat' dir='ltr'><strong>in</strong></span> <span class='ocrx_word' id='word_1_138' title='bbox 1469 2959 1586 3033; x_wconf 90' lang='lat' dir='ltr'><strong>diver-</strong></span> 
     </span>
     <span class='ocr_line' id='line_1_21' title="bbox 462 3081 1583 3186; baseline 0.001 -31"><span class='ocrx_word' id='word_1_139' title='bbox 462 3082 622 3158; x_wconf 90' lang='lat' dir='ltr'><strong>sissimis</strong></span> <span class='ocrx_word' id='word_1_140' title='bbox 641 3085 744 3162; x_wconf 87' lang='lat' dir='ltr'><strong>hisce</strong></span> <span class='ocrx_word' id='word_1_141' title='bbox 763 3088 917 3163; x_wconf 89' lang='lat' dir='ltr'><strong>duorum</strong></span> <span class='ocrx_word' id='word_1_142' title='bbox 938 3085 1118 3164; x_wconf 88' lang='lat' dir='ltr'><strong>Ordinnm</strong></span> <span class='ocrx_word' id='word_1_143' title='bbox 1146 3086 1348 3186; x_wconf 90' lang='lat' dir='ltr'><strong>postulatis</strong></span> <span class='ocrx_word' id='word_1_144' title='bbox 1367 3085 1495 3160; x_wconf 84' lang='lat' dir='ltr'><strong>facere</strong></span> <span class='ocrx_word' id='word_1_145' title='bbox 1526 3081 1583 3157; x_wconf 88' lang='lat' dir='ltr'><strong>de·</strong></span> 
     </span>
     <span class='ocr_line' id='line_1_22' title="bbox 462 3209 1585 3310; baseline -0.002 -28"><span class='ocrx_word' id='word_1_146' title='bbox 462 3209 579 3303; x_wconf 88' lang='lat' dir='ltr'><strong>beret,</strong></span> <span class='ocrx_word' id='word_1_147' title='bbox 598 3234 754 3309; x_wconf 86' lang='lat' dir='ltr'><strong>prorsus</strong></span> <span class='ocrx_word' id='word_1_148' title='bbox 773 3214 982 3310; x_wconf 87' lang='lat' dir='ltr'><strong>ignorabat.</strong></span> <span class='ocrx_word' id='word_1_149' title='bbox 1004 3215 1100 3289; x_wconf 85' lang='lat' dir='ltr'><strong>Nam</strong></span> <span class='ocrx_word' id='word_1_150' title='bbox 1119 3238 1188 3290; x_wconf 94' lang='lat' dir='ltr'><strong>nec</strong></span> <span class='ocrx_word' id='word_1_151' title='bbox 1199 3211 1334 3289; x_wconf 87' lang='lat' dir='ltr'><strong>Siculis</strong></span> <span class='ocrx_word' id='word_1_152' title='bbox 1344 3213 1473 3286; x_wconf 88' lang='lat' dir='ltr'><strong>favere</strong></span> <span class='ocrx_word' id='word_1_153' title='bbox 1494 3209 1585 3283; x_wconf 86' lang='lat' dir='ltr'><strong>citra</strong></span> 
     </span>
     <span class='ocr_line' id='line_1_23' title="bbox 462 3333 1584 3436; baseline 0.002 -32"><span class='ocrx_word' id='word_1_154' title='bbox 462 3333 698 3411; x_wconf 90' lang='lat' dir='ltr'><strong>violationem</strong></span> <span class='ocrx_word' id='word_1_155' title='bbox 736 3338 1015 3436; x_wconf 90' lang='lat' dir='ltr'><strong>privilegiorum</strong></span> <span class='ocrx_word' id='word_1_156' title='bbox 1054 3339 1278 3432; x_wconf 85' lang='lat' dir='ltr'><strong>nobilitatis,</strong></span> <span class='ocrx_word' id='word_1_157' title='bbox 1316 3336 1584 3431; x_wconf 79' lang='lat' dir='ltr'><strong>manifestaque</strong></span> 
     </span>
     <span class='ocr_line' id='line_1_24' title="bbox 465 3458 1584 3564; baseline 0 -31"><span class='ocrx_word' id='word_1_158' title='bbox 465 3458 570 3533; x_wconf 89' lang='lat' dir='ltr'><strong>odia:</strong></span> <span class='ocrx_word' id='word_1_159' title='bbox 589 3483 658 3534; x_wconf 90' lang='lat' dir='ltr'><strong>nec</strong></span> <span class='ocrx_word' id='word_1_160' title='bbox 677 3486 806 3539; x_wconf 87' lang='lat' dir='ltr'><strong>rursus</strong></span> <span class='ocrx_word' id='word_1_161' title='bbox 826 3465 1003 3542; x_wconf 92' lang='lat' dir='ltr'><strong>nobilium</strong></span> <span class='ocrx_word' id='word_1_162' title='bbox 1031 3468 1230 3564; x_wconf 92' lang='lat' dir='ltr'><strong>postulatis</strong></span> <span class='ocrx_word' id='word_1_163' title='bbox 1255 3487 1417 3540; x_wconf 88' lang='lat' dir='ltr'><strong>annuere</strong></span> <span class='ocrx_word' id='word_1_164' title='bbox 1445 3462 1584 3557; x_wconf 89' lang='lat' dir='ltr'><strong>absque</strong></span> 
     </span>
     <span class='ocr_line' id='line_1_25' title="bbox 379 3585 1585 3689; baseline 0 -32"><span class='ocrx_word' id='word_1_165' title='bbox 379 3589 383 3596; x_wconf 85' lang='grc'><em>“</em></span> <span class='ocrx_word' id='word_1_166' title='bbox 465 3591 562 3659; x_wconf 90' lang='lat' dir='ltr'><strong>metu</strong></span> <span class='ocrx_word' id='word_1_167' title='bbox 577 3585 743 3662; x_wconf 90' lang='lat' dir='ltr'><strong>intestini</strong></span> <span class='ocrx_word' id='word_1_168' title='bbox 753 3589 851 3684; x_wconf 83' lang='lat' dir='ltr'><strong>belli,</strong></span> <span class='ocrx_word' id='word_1_169' title='bbox 869 3598 1147 3689; x_wconf 88' lang='lat' dir='ltr'><strong>ceterorumque</strong></span> <span class='ocrx_word' id='word_1_170' title='bbox 1158 3589 1477 3677; x_wconf 78' lang='lat' dir='ltr'><strong>incommodorum,</strong></span> <span class='ocrx_word' id='word_1_171' title='bbox 1493 3605 1585 3684; x_wconf 89' lang='lat' dir='ltr'><strong>quae</strong></span> 
     </span>
     <span class='ocr_line' id='line_1_26' title="bbox 463 3709 1582 3816; baseline -0.001 -32"><span class='ocrx_word' id='word_1_172' title='bbox 463 3709 549 3785; x_wconf 90' lang='lat' dir='ltr'><strong>inde</strong></span> <span class='ocrx_word' id='word_1_173' title='bbox 567 3713 707 3788; x_wconf 89' lang='lat' dir='ltr'><strong>oritura</strong></span> <span class='ocrx_word' id='word_1_174' title='bbox 721 3715 952 3813; x_wconf 85' lang='lat' dir='ltr'><strong>videbantur,</strong></span> <span class='ocrx_word' id='word_1_175' title='bbox 973 3717 1119 3793; x_wconf 93' lang='lat' dir='ltr'><strong>omnino</strong></span> <span class='ocrx_word' id='word_1_176' title='bbox 1129 3723 1286 3816; x_wconf 89' lang='lat' dir='ltr'><strong>poterat.</strong></span> <span class='ocrx_word' id='word_1_177' title='bbox 1309 3713 1479 3789; x_wconf 88' lang='lat' dir='ltr'><strong>Tandem</strong></span> <span class='ocrx_word' id='word_1_178' title='bbox 1489 3711 1582 3785; x_wconf 88' lang='lat' dir='ltr'><strong>inter</strong></span> 
     </span>
     <span class='ocr_line' id='line_1_27' title="bbox 465 3835 1584 3940; baseline -0.001 -30"><span class='ocrx_word' id='word_1_179' title='bbox 465 3858 610 3911; x_wconf 92' lang='lat' dir='ltr'><strong>sacrum</strong></span> <span class='ocrx_word' id='word_1_180' title='bbox 629 3845 666 3913; x_wconf 92' lang='lat' dir='ltr'><strong>et</strong></span> <span class='ocrx_word' id='word_1_181' title='bbox 684 3861 816 3916; x_wconf 85' lang='lat' dir='ltr'><strong>saxum</strong></span> <span class='ocrx_word' id='word_1_182' title='bbox 835 3863 876 3917; x_wconf 92' lang='lat' dir='ltr'><strong>se</strong></span> <span class='ocrx_word' id='word_1_183' title='bbox 894 3843 1054 3940; x_wconf 91' lang='lat' dir='ltr'><strong>positum</strong></span> <span class='ocrx_word' id='word_1_184' title='bbox 1065 3851 1178 3934; x_wconf 81' lang='lat' dir='ltr'><strong>ratus,</strong></span> <span class='ocrx_word' id='word_1_185' title='bbox 1199 3863 1280 3917; x_wconf 93' lang='lat' dir='ltr'><strong>cum</strong></span> <span class='ocrx_word' id='word_1_186' title='bbox 1290 3849 1409 3915; x_wconf 92' lang='lat' dir='ltr'><strong>utrum</strong></span> <span class='ocrx_word' id='word_1_187' title='bbox 1421 3835 1520 3935; x_wconf 88' lang='lat' dir='ltr'><strong>quod</strong></span> <span class='ocrx_word' id='word_1_188' title='bbox 1530 3857 1584 3912; x_wconf 90' lang='lat' dir='ltr'><strong>es-</strong></span> 
     </span>
     <span class='ocr_line' id='line_1_28' title="bbox 464 3963 1583 4064; baseline 0 -28"><span class='ocrx_word' id='word_1_189' title='bbox 464 3969 522 4037; x_wconf 88' lang='lat' dir='ltr'><strong>set</strong></span> <span class='ocrx_word' id='word_1_190' title='bbox 541 3983 587 4037; x_wconf 86' lang='lat' dir='ltr'><strong>ex</strong></span> <span class='ocrx_word' id='word_1_191' title='bbox 607 3963 749 4041; x_wconf 90' lang='lat' dir='ltr'><strong>duobus</strong></span> <span class='ocrx_word' id='word_1_192' title='bbox 769 3967 872 4042; x_wconf 93' lang='lat' dir='ltr'><strong>hisce</strong></span> <span class='ocrx_word' id='word_1_193' title='bbox 890 3969 1000 4044; x_wconf 88' lang='lat' dir='ltr'><strong>malis</strong></span> <span class='ocrx_word' id='word_1_194' title='bbox 1020 3970 1230 4064; x_wconf 87' lang='lat' dir='ltr'><strong>eligendum</strong></span> <span class='ocrx_word' id='word_1_195' title='bbox 1248 3990 1321 4043; x_wconf 92' lang='lat' dir='ltr'><strong>non</strong></span> <span class='ocrx_word' id='word_1_196' title='bbox 1350 3965 1446 4040; x_wconf 90' lang='lat' dir='ltr'><strong>satis</strong></span> <span class='ocrx_word' id='word_1_197' title='bbox 1470 3963 1583 4059; x_wconf 90' lang='lat' dir='ltr'><strong>lique·</strong></span> 
     </span>
     <span class='ocr_line' id='line_1_29' title="bbox 463 4073 1583 4192; baseline -0.004 -30"><span class='ocrx_word' id='word_1_198' title='bbox 463 4094 532 4180; x_wconf 84' lang='lat' dir='ltr'><strong>ret,</strong></span> <span class='ocrx_word' id='word_1_199' title='bbox 551 4088 714 4184; x_wconf 88' lang='lat' dir='ltr'><strong>legitimo</strong></span> <span class='ocrx_word' id='word_1_200' title='bbox 742 4093 833 4168; x_wconf 92' lang='lat' dir='ltr'><strong>iuris</strong></span> <span class='ocrx_word' id='word_1_201' title='bbox 851 4073 1043 4192; x_wconf 88' lang='lat' dir='ltr'><strong>processui</strong></span> <span class='ocrx_word' id='word_1_202' title='bbox 1063 4119 1108 4170; x_wconf 89' lang='lat' dir='ltr'><strong>ao</strong></span> <span class='ocrx_word' id='word_1_203' title='bbox 1136 4092 1385 4169; x_wconf 91' lang='lat' dir='ltr'><strong>communibus</strong></span> <span class='ocrx_word' id='word_1_204' title='bbox 1405 4087 1583 4166; x_wconf 90' lang='lat' dir='ltr'><strong>Ordinnm</strong></span> 
     </span>
     <span class='ocr_line' id='line_1_30' title="bbox 464 4215 1582 4318; baseline 0.002 -31"><span class='ocrx_word' id='word_1_205' title='bbox 464 4215 654 4311; x_wconf 86' lang='lat' dir='ltr'><strong>suffragiis</strong></span> <span class='ocrx_word' id='word_1_206' title='bbox 673 4225 786 4293; x_wconf 90' lang='lat' dir='ltr'><strong>totum</strong></span> <span class='ocrx_word' id='word_1_207' title='bbox 805 4219 876 4296; x_wconf 88' lang='lat' dir='ltr'><strong>hoo</strong></span> <span class='ocrx_word' id='word_1_208' title='bbox 895 4223 1086 4318; x_wconf 81' lang='lat' dir='ltr'><strong>negotium</strong></span> <span class='ocrx_word' id='word_1_209' title='bbox 1105 4221 1338 4296; x_wconf 57' lang='lat' dir='ltr'><strong>committere*</strong></span> <span class='ocrx_word' id='word_1_210' title='bbox 1351 4219 1492 4295; x_wconf 81' lang='lat' dir='ltr'><strong>statuit</strong></span> <span class='ocrx_word' id='word_1_211' title='bbox 1511 4215 1582 4288; x_wconf 85' lang='lat' dir='ltr'><strong>lta-</strong></span> 
     </span>
     <span class='ocr_line' id='line_1_31' title="bbox 465 4343 1582 4444; baseline 0.004 -30"><span class='ocrx_word' id='word_1_212' title='bbox 465 4361 536 4436; x_wconf 93' lang='lat' dir='ltr'><strong>que</strong></span> <span class='ocrx_word' id='word_1_213' title='bbox 556 4344 768 4420; x_wconf 89' lang='lat' dir='ltr'><strong>convocatis</strong></span> <span class='ocrx_word' id='word_1_214' title='bbox 786 4347 825 4421; x_wconf 93' lang='lat' dir='ltr'><strong>in</strong></span> <span class='ocrx_word' id='word_1_215' title='bbox 844 4349 1087 4426; x_wconf 90' lang='lat' dir='ltr'><strong>diversorium</strong></span> <span class='ocrx_word' id='word_1_216' title='bbox 1107 4347 1298 4423; x_wconf 87' lang='lat' dir='ltr'><strong>Francisoi</strong></span> <span class='ocrx_word' id='word_1_217' title='bbox 1313 4343 1432 4422; x_wconf 86' lang='lat' dir='ltr'><strong>Alard</strong></span> <span class='ocrx_word' id='word_1_218' title='bbox 1451 4347 1582 4444; x_wconf 88' lang='lat' dir='ltr'><strong>prima-</strong></span> 
     </span>
     <span class='ocr_line' id='line_1_32' title="bbox 464 4465 1583 4572; baseline 0.005 -33"><span class='ocrx_word' id='word_1_219' title='bbox 464 4465 513 4540; x_wconf 92' lang='lat' dir='ltr'><strong>tis</strong></span> <span class='ocrx_word' id='word_1_220' title='bbox 532 4469 715 4564; x_wconf 81' lang='lat' dir='ltr'><strong>nobilium,</strong></span> <span class='ocrx_word' id='word_1_221' title='bbox 744 4471 902 4548; x_wconf 92' lang='lat' dir='ltr'><strong>hominis</strong></span> <span class='ocrx_word' id='word_1_222' title='bbox 927 4475 1108 4572; x_wconf 84' lang='lat' dir='ltr'><strong>singulari</strong></span> <span class='ocrx_word' id='word_1_223' title='bbox 1128 4475 1303 4561; x_wconf 77' lang='lat' dir='ltr'><strong>acumine,</strong></span> <span class='ocrx_word' id='word_1_224' title='bbox 1335 4475 1484 4569; x_wconf 90' lang='lat' dir='ltr'><strong>altoque</strong></span> <span class='ocrx_word' id='word_1_225' title='bbox 1503 4493 1583 4546; x_wconf 89' lang='lat' dir='ltr'><strong>con-</strong></span> 
     </span>
     <span class='ocr_line' id='line_1_33' title="bbox 465 4591 1581 4699; baseline 0.008 -36"><span class='ocrx_word' id='word_1_226' title='bbox 465 4591 549 4666; x_wconf 93' lang='lat' dir='ltr'><strong>silio</strong></span> <span class='ocrx_word' id='word_1_227' title='bbox 567 4594 735 4691; x_wconf 87' lang='lat' dir='ltr'><strong>praediti,</strong></span> <span class='ocrx_word' id='word_1_228' title='bbox 756 4600 854 4695; x_wconf 91' lang='lat' dir='ltr'><strong>quod</strong></span> <span class='ocrx_word' id='word_1_229' title='bbox 872 4602 1028 4699; x_wconf 90' lang='lat' dir='ltr'><strong>pedibus</strong></span> <span class='ocrx_word' id='word_1_230' title='bbox 1049 4625 1163 4698; x_wconf 89' lang='lat' dir='ltr'><strong>aeger</strong></span> <span class='ocrx_word' id='word_1_231' title='bbox 1174 4599 1351 4675; x_wconf 90' lang='lat' dir='ltr'><strong>aliorsum</strong></span> <span class='ocrx_word' id='word_1_232' title='bbox 1363 4621 1405 4674; x_wconf 92' lang='lat' dir='ltr'><strong>se</strong></span> <span class='ocrx_word' id='word_1_233' title='bbox 1415 4599 1581 4674; x_wconf 88' lang='lat' dir='ltr'><strong>conferre</strong></span> 
     </span>
     <span class='ocr_line' id='line_1_34' title="bbox 465 4719 1584 4830; baseline 0.01 -42"><span class='ocrx_word' id='word_1_234' title='bbox 465 4737 539 4790; x_wconf 90' lang='lat' dir='ltr'><strong>non</strong></span> <span class='ocrx_word' id='word_1_235' title='bbox 549 4727 695 4816; x_wconf 89' lang='lat' dir='ltr'><strong>posset:</strong></span> <span class='ocrx_word' id='word_1_236' title='bbox 716 4719 883 4801; x_wconf 88' lang='lat' dir='ltr'><strong>collectis</strong></span> <span class='ocrx_word' id='word_1_237' title='bbox 901 4725 1049 4830; x_wconf 90' lang='lat' dir='ltr'><strong>inquam</strong></span> <span class='ocrx_word' id='word_1_238' title='bbox 1071 4749 1117 4806; x_wconf 84' lang='lat' dir='ltr'><strong>ex</strong></span> <span class='ocrx_word' id='word_1_239' title='bbox 1136 4724 1395 4804; x_wconf 87' lang='lat' dir='ltr'><strong>omninumero</strong></span> <span class='ocrx_word' id='word_1_240' title='bbox 1408 4721 1584 4806; x_wconf 81' lang='lat' dir='ltr'><strong>Ordinnm</strong></span> 
     </span>
    </p>
   </div>
   <div class='ocr_carea' id='block_1_3' title="bbox 0 0 1818 5534">
    <p class='ocr_par' dir='ltr' id='par_1_3' title="bbox 0 0 1818 5534">
     <span class='ocr_line' id='line_1_35' title="bbox 0 0 1818 5534; baseline 0 0"><span class='ocrx_word' id='word_1_241' title='bbox 0 0 1818 5534; x_wconf 95' lang='lat' dir='ltr'><strong> </strong></span> 
     </span>
    </p>
   </div>
  </div>
 </body>
</html>
