3625 5534
475 528 523 577 mr
553 526 622 577 uss
643 526 728 577 vno.
750 527 835 578 osc.
854 528 890 579 x.
911 529 945 579 u.
965 530 999 578 v.
1283 499 1334 575 93

207 699 342 776 bellum
362 701 517 794 coirent,
534 723 710 800 repressa
724 701 869 775 interim
887 699 1048 775 hostium
1066 698 1218 786 ferocia,
1237 697 1335 794 fidei,

209 826 428 923 virtutisque
447 848 538 902 suae
558 827 816 902 documentum
828 827 883 902 eis
892 829 1082 924 praebeat.
1109 824 1334 899 Persuasum

209 952 281 1026 sibi
299 975 398 1046 esse,
418 960 458 1027 ut
476 955 653 1029 loannem
672 953 826 1048 Regem,
852 959 889 1027 et
920 953 982 1050 qui
1000 958 1133 1051 postea
1153 949 1336 1048 'Pransyl

208 1079 354 1154 veniam
373 1089 578 1171 tenuerunt,
598 1077 778 1155 Caesaris
797 1078 1044 1172 Maiestatem,
1074 1100 1201 1152 omncs
1229 1075 1336 1149 comi-

206 1213 263 1279 ter
281 1203 473 1296 habuisse,
495 1206 623 1282 eadem
636 1206 710 1301 ipsi
730 1230 876 1304 qnoque
899 1205 948 1279 ad
966 1205 1239 1295 demerendam,
1259 1204 1336 1279 bel·
1457 1257 1461 1266 .

207 1328 278 1405 lico
299 1333 425 1428 aliquo
453 1331 630 1426 facinore,
660 1330 837 1408 Caesaris
865 1333 1036 1430 gratiam,
1057 1333 1118 1406 via
1138 1329 1335 1428 gradienti,

210 1456 441 1554 amplissima
467 1457 646 1533 honorum
675 1456 851 1555 praemia,
891 1481 971 1533 cum
996 1457 1108 1532 multo
1127 1455 1257 1530 maiori
1277 1478 1335 1529 ac·

211 1581 378 1656 cessione
397 1581 520 1678 Regni
538 1582 737 1658 reservari.
764 1581 932 1657 Allatum
960 1590 1092 1681 postea
1110 1581 1190 1672 fuit,
1208 1580 1336 1677 Vngu-

213 1730 284 1798 ros,
314 1716 425 1804 capta
453 1706 674 1783 Zechinensi
702 1732 801 1800 aroc,
822 1731 901 1782 cum
922 1707 1115 1783 sententiis
1140 1713 1336 1814 certarent,

212 1854 281 1930 quo
300 1841 404 1908 esset
420 1834 740 1931 progrediendum,
761 1834 847 1908 aliis
858 1831 904 1907 ad
916 1833 1105 1907 dexteram
1117 1831 1336 1927 Nogradum

212 1980 351 2052 versus,
379 1969 420 2036 ut
446 1961 538 2037 nihil
557 1962 629 2037 iam
648 1961 820 2037 hostibus
847 1963 886 2036 in
914 1985 958 2037 eo
986 1970 1110 2036 terrae
1140 1968 1262 2035 tractu
1287 1959 1335 2034 ad

211 2083 374 2159 Danubii
391 2108 507 2181 usque
526 2087 646 2185 ripam
665 2087 926 2185 possidendum
946 2087 1229 2184 relinqueretur,
1249 2086 1334 2160 aliis

211 2211 318 2285 laeva
336 2210 386 2286 ad
413 2210 637 2304 Hatvanum,
667 2213 853 2299 Berinum,
881 2220 992 2311 atque
1017 2210 1223 2286 Zolnokum
1243 2211 1336 2285 Tur·

212 2359 333 2412 carum
351 2337 552 2434 praesidia,
574 2336 987 2435 quibusnihiangaris
999 2337 1338 2437 Tybiscanisesset

212 2464 411 2558 nocentius,
431 2465 721 2541 contendendum
740 2488 825 2540 esse
836 2464 1091 2557 suadentibus,
1112 2464 1166 2538 ita
1177 2463 1336 2552 tandem,

212 2589 303 2666 inter
323 2613 365 2664 se
390 2591 623 2682 convenisse,
660 2599 701 2666 ut
737 2615 818 2666 cum
845 2591 894 2665 ad
923 2591 1067 2688 reliqua
1094 2589 1336 2678 incommoda,

213 2716 343 2812 quibus
361 2717 539 2809 homines,
569 2718 803 2815 iumentaque
832 2741 924 2815 prae
953 2717 1088 2792 ceteris
1118 2717 1339 2794 conficeren-

214 2849 280 2935 tur,
300 2841 340 2916 id
359 2843 419 2916 vel
439 2842 617 2938 imprimis
632 2843 842 2936 accesserit,
861 2851 901 2917 ut
920 2831 1023 2917 terra
1040 2842 1189 2917 nimium
1216 2841 1339 2916 imbri-

215 2967 281 3041 bus
292 2976 405 3043 antea
440 2968 622 3062 emollita,
659 2969 769 3044 etiam
787 2970 919 3045 leuiter
939 2968 1071 3043 durata
1088 2967 1185 3062 gelu,
1205 2966 1339 3042 itinera

214 3094 330 3168 omnis
348 3093 528 3190 impervia
555 3094 767 3188 reddiderit,
804 3096 842 3169 in
870 3094 1083 3193 praesentia
1101 3094 1238 3167 bellum
1257 3115 1336 3166 sus·

213 3219 381 3318 pendant,
406 3243 492 3296 mox
519 3222 670 3296 refectis
698 3222 814 3318 equis,
834 3220 1022 3317 militeque
1042 3219 1172 3293 melius
1200 3217 1335 3304 induto,

213 3356 406 3445 postquam
441 3347 572 3447 hyems
608 3357 750 3443 terras,
790 3372 982 3447 aquasque
1019 3347 1254 3444 aequaverit,
1289 3345 1336 3418 ad

214 3473 365 3549 eundem
394 3473 571 3550 victoriae
607 3498 753 3550 cursum
790 3471 902 3574 (quod
931 3474 1035 3549 Deus
1065 3475 1160 3548 bene
1194 3474 1336 3560 vertat)

215 3598 491 3676 continuandum
515 3600 679 3675 redituri.
708 3603 768 3676 Its
794 3624 884 3699 pars
912 3622 992 3676 eum
1012 3597 1159 3694 Palffio,
1190 3600 1228 3673 in
1255 3597 1335 3672 eius

216 3722 454 3819 Provinciam,
465 3750 559 3823 quae
578 3727 627 3801 ad
636 3726 848 3802 Danubium
866 3723 1334 3823 est,pursTiffenbaohium

215 3860 349 3944 secum,
368 3850 609 3928 Cassovieusi
647 3852 790 3943 itinere,
819 3853 868 3926 ad
916 3873 984 3926 sua
1023 3849 1157 3946 quique
1195 3846 1333 3921 diversi

214 3978 364 4054 rediere.
