3625 5534
483 489 560 569 190
882 513 932 565 10.
951 511 1053 564 neon
1071 511 1221 563 nnsovn

471 698 596 790 potest
615 689 731 788 oopiis
752 687 916 762 obsidet.
954 689 1026 761 Est
1053 686 1186 784 Lippa,
1221 687 1278 760 uti
1306 708 1421 785 supro
1458 711 1602 785 quoque

476 803 851 905 commemoravimus,
879 812 928 886 ad
955 811 1162 886 Marusium
1190 811 1340 887 fluvium
1389 812 1465 888 sita
1502 816 1602 903 urbs,

474 948 511 1016 et
549 965 635 1017 aree
672 947 710 1014 et
745 939 860 1014 muris
897 962 971 1013 non
1008 936 1215 1035 vulgariter
1254 939 1402 1014 munite.
1431 941 1491 1014 Eo
1519 963 1604 1016 nos-

478 1068 526 1143 tri
554 1090 634 1142 oum
663 1065 863 1156 venissent,
882 1061 1008 1137 missis
1026 1063 1185 1160 primum
1203 1063 1347 1139 nunciis
1370 1067 1503 1142 urbem
1532 1066 1603 1140 sibi

475 1216 556 1268 oum
565 1213 652 1266 eree
663 1189 1003 1287 dedipostulavere.
1014 1187 1303 1285 Responderunt
1312 1189 1475 1266 Barbari
1487 1191 1604 1286 indig-

478 1340 564 1395 num
584 1339 668 1392 esse
688 1338 814 1391 eornm
842 1315 1076 1413 postulatum,
1107 1312 1169 1410 qui
1188 1316 1284 1389 bene
1314 1315 1453 1391 seirent
1476 1317 1603 1392 urbem

476 1442 577 1518 illam
606 1450 691 1516 ente
719 1439 850 1516 XLIV
880 1461 998 1516 annos
1025 1439 1088 1513 vix
1114 1463 1139 1514 s
1157 1439 1311 1516 duorum
1329 1441 1604 1540 potentissimo·

478 1591 558 1644 rum
577 1566 789 1662 Regnorum
807 1563 957 1662 populis
976 1565 1060 1663 oapi
1078 1565 1256 1662 potuisse.
1278 1566 1410 1642 Nostri
1428 1589 1504 1642 non
1522 1590 1603 1643 ver-

475 1695 545 1786 bis,
565 1691 633 1768 sed
651 1691 765 1766 ermis
789 1713 882 1788 opus
911 1690 985 1766 sibi
1012 1712 1098 1766 esse
1117 1690 1200 1782 rati,
1219 1691 1432 1768 arctissima
1460 1694 1604 1768 confes·

478 1822 544 1897 tim
580 1819 773 1896 obsidione
811 1819 940 1892 orbem
977 1817 1274 1912 circumveniunt,
1301 1829 1340 1896 et
1366 1820 1504 1918 partim
1531 1827 1606 1895 tor-

478 1946 610 2022 mentis
629 1944 775 2020 belliois
794 1967 840 2019 ex
859 1949 993 2037 monte,
1012 1944 1074 2041 qui
1102 1967 1237 2040 magno
1266 1944 1346 2019 eius
1372 1945 1604 2022 incommodo

477 2095 550 2147 una
569 2095 615 2147 ex
633 2063 739 2169 parte
759 2069 837 2145 arei
855 2069 1029 2163 imminet,
1047 2070 1086 2142 in
1105 2093 1229 2145 muros
1247 2070 1435 2165 intonant,
1467 2071 1605 2170 partim

480 2199 529 2273 ad
555 2197 761 2273 incendium
789 2218 875 2272 sese
902 2203 1046 2294 parunt.
1077 2193 1291 2294 Ooegerent
1313 2198 1475 2274 Barbari
1504 2195 1606 2273 OOC

478 2325 559 2399 fere
579 2331 750 2419 agrestes
768 2323 807 2396 in
826 2345 961 2415 areem,
983 2342 1181 2419 eorumque
1199 2345 1316 2421 opere
1337 2323 1377 2398 in
1405 2322 1607 2398 defenden-

480 2449 529 2524 ds
548 2471 633 2522 aroe
651 2471 697 2522 so
705 2446 946 2522 validissimis
965 2445 1172 2544 quibusque
1181 2445 1397 2522 ministeriis
1412 2446 1607 2537 obeundis,

479 2572 533 2648 uti
560 2572 836 2648 constituerent.
875 2572 921 2646 Id
949 2594 1020 2669 quo
1048 2571 1104 2645 illi
1139 2571 1286 2647 fidelius
1323 2581 1608 2670 exequerentur,

482 2697 637 2794 primum
665 2696 719 2772 eis
746 2705 964 2796 perpetuam
984 2721 1008 2771 a
1025 2697 1174 2773 tributis
1203 2699 1488 2790 immunitatem,
1520 2723 1608 2774 mox

480 2823 648 2920 singulos
676 2822 832 2898 binosve
860 2823 1040 2898 menstrui
1067 2823 1242 2922 stipendii
1276 2825 1424 2900 nomine
1461 2825 1607 2900 teleros

481 2951 717 3050 promittere,
754 2950 899 3025 interim
927 2951 975 3025 ad
1003 2951 1200 3026 durissime
1237 2974 1406 3050 quaeque
1433 2953 1608 3028 laborum

480 3076 646 3176 perionis
665 3076 830 3173 adigere,
852 3083 889 3151 et
906 3076 1038 3174 primis
1057 3099 1103 3152 ex
1122 3076 1285 3152 hostium
1303 3076 1439 3152 ictibus
1468 3079 1608 3154 obiioe·

480 3228 532 3280 re.
551 3207 703 3280 Illomm
722 3203 837 3301 aliqui
844 3203 944 3278 data
961 3211 1072 3279 nootn
1091 3203 1287 3280 oeoasione
1305 3204 1397 3300 inge
1419 3203 1609 3302 elapsi,sd

481 3336 629 3405 nostros
648 3352 690 3404 se
707 3336 938 3426 reoepemnt,
949 3338 987 3404 et
1003 3330 1068 3404 ubi
1086 3337 1213 3405 essent
1230 3329 1376 3405 moenia
1393 3329 1609 3426 quatienda,

484 3454 801 3549 significaverunt,
828 3453 1132 3553 formidinemque
1160 3455 1366 3532 Turdorum
1391 3457 1611 3532 retulerunt
1738 3464 1739 3489 ¹

482 3571 626 3655 'Hostes
647 3578 742 3655 enim
759 3580 843 3655 visa
862 3588 1069 3656 nostrorum
1097 3579 1304 3674 alacritate,
1327 3580 1367 3655 in
1384 3581 1504 3679 primo
1535 3591 1610 3658 sta·
1737 3603 1739 3686 3

479 3705 546 3780 tim
582 3728 798 3803 congressu,
836 3707 979 3782 animos
1008 3707 1290 3805 desponderant.
1328 3705 1405 3784 Sed
1431 3730 1480 3781 ne
1509 3709 1612 3785 dedi·
1737 3721 1739 3730 ⁴

481 3830 617 3905 tionem
652 3831 829 3924 fenerent,
866 3831 949 3906 sola
967 3831 1120 3906 relictae
1148 3829 1257 3906 Pauli
1302 3831 1515 3927 Markhtzi,
1566 3835 1613 3910 de

483 3979 555 4053 qno
584 3978 699 4053 supra
726 3955 904 4048 diximus,
942 3955 1198 4032 cohortatione
1235 3956 1402 4056 impediti
1446 3958 1612 4033 inerant.

482 4081 613 4157 Nostri
630 4079 744 4176 igitur
762 4081 999 4179 praeparatis
1029 4082 1077 4155 ed
1104 4081 1370 4157 incendendam
1392 4083 1524 4156 urbem
1554 4105 1612 4158 re·

482 4205 551 4280 bus
579 4204 823 4300 necessariis,
850 4205 970 4304 primo
999 4205 1158 4281 diluenlo
1187 4228 1321 4302 magno
1349 4229 1430 4284 eum
1466 4206 1613 4306 impetn

482 4329 531 4404 ad
567 4329 714 4405 moenia
749 4339 950 4428 coeperunt
985 4352 1103 4408 ruere.
1142 4329 1296 4423 Quare
1323 4331 1417 4428 viss,
1444 4331 1614 4409 Barbari

482 4475 597 4550 supra
631 4453 777 4530 modum
823 4455 1043 4552 exanimati,
1087 4455 1262 4556 proiectis
1309 4463 1417 4532 extro
1459 4479 1614 4554 pomoe-

482 4575 539 4650 ria
556 4575 678 4673 pileis,
696 4577 909 4673 significant
926 4601 980 4673 se,
1000 4579 1034 4653 si
1051 4579 1215 4654 feenltss
1233 4578 1409 4674 oolloquii
1426 4579 1547 4673 detur,
1567 4585 1615 4662 de

484 4699 669 4774 deditione
695 4701 799 4776 orbis
827 4709 989 4799 acturos,
1017 4725 1172 4800 eamque
1199 4704 1307 4779 bonis
1335 4703 1616 4786 conditionibus
