3625 5534
464 495 513 543 nn
531 493 612 546 nnn.
630 493 713 545 vno.
734 493 816 543 nnc.
837 492 872 543 x.
890 493 923 542 u.
945 493 996 543 ιιι.
1242 469 1295 547 43

205 681 351 746 auctores
370 669 619 746 restituendae
639 666 780 745 Aaroui
798 667 989 763 dignitatis
1008 669 1172 762 fuerant,
1198 669 1297 744 solli-

205 799 282 873 citos
297 795 466 886 reddidit,
474 803 551 871 turn
570 794 782 872 Eduardum
799 793 979 893 imprimis
997 794 1208 888 Rationum,
1226 795 1298 870 Re-

206 925 297 1022 ginae
323 921 485 1021 Angliae
511 921 550 997 in
574 920 674 998 Aula
693 921 856 996 Turcica
883 922 1166 1016 internuncium,
1194 919 1297 998 cuins

206 1051 341 1127 maxime
367 1072 501 1148 opera,
531 1053 568 1122 et
587 1047 738 1146 opibus,
766 1071 790 1122 a
817 1046 977 1123 diversis
1004 1049 1298 1146 negotiatoribus

208 1176 345 1254 Graecis
362 1175 504 1275 pariter
521 1197 567 1250 ac
586 1172 724 1271 Anglis
753 1173 871 1274 ipsius
900 1176 1098 1274 sponsione
1126 1199 1298 1274 corroga-

206 1305 260 1396 tis,
288 1303 428 1381 adiutus
445 1303 485 1377 in
502 1303 755 1401 recuperando
774 1301 989 1402 Principatu
1007 1311 1103 1398 erat,
1124 1326 1167 1380 eo
1187 1305 1301 1404 impu·

207 1433 255 1523 lit,
279 1441 318 1507 nt
341 1433 374 1507 is
392 1431 531 1506 nullam
548 1429 624 1505 iam
642 1453 720 1504 rem
743 1429 781 1504 in
799 1429 895 1506 votis
923 1436 1117 1529 tantopere
1134 1431 1301 1524 baberet,

209 1582 298 1656 quam
315 1567 355 1635 nt
372 1547 568 1650 Aaronem,
588 1559 794 1634 obtentum
813 1557 951 1653 ingrati
977 1557 1089 1633 animi
1105 1559 1144 1634 in
1163 1582 1206 1635 se
1225 1582 1303 1637 sce·

128 1780 132 1791 ¹
207 1688 269 1774 lus,
292 1685 472 1786 privatum
490 1708 619 1762 rursus
644 1685 683 1760 in
709 1686 801 1764 urbe
819 1684 947 1762 videre
970 1694 1107 1785 posset.
1137 1687 1232 1762 Nam
1270 1686 1301 1761 si

208 1813 302 1902 torte,
329 1813 381 1888 nti
400 1820 576 1889 constans
601 1812 648 1888 de
666 1835 710 1888 eo
730 1836 853 1888 rumor
880 1822 999 1904 esset,
1028 1814 1194 1911 expilata
1219 1835 1302 1910 pro·

208 1938 319 2034 vincia
337 1938 597 2036 frustratisque
616 1937 871 2030 creditoribus,
890 1937 929 2011 in
944 1938 1102 2014 ditiones
1123 1936 1304 2015 Christia-

209 2088 316 2141 nomm
330 2065 555 2164 profugeret,
576 2074 614 2140 et
632 2064 754 2140 omnia
779 2064 990 2162 sponsionis
1017 2087 1132 2141 onera
1141 2064 1214 2140 sibi
1231 2065 1304 2157 uni,

211 2198 240 2266 et
261 2191 542 2290 indignationem
571 2189 749 2267 Caesaris
777 2189 1004 2267 subeundam
1032 2213 1116 2266 esse
1143 2190 1303 2266 videbat.

210 2318 245 2392 Id
258 2329 292 2394 ut
308 2321 428 2394 vitare
446 2327 585 2418 posset,
604 2319 704 2394 datis
723 2318 772 2394 ad
790 2318 1000 2418 Principem
1020 2315 1302 2422 Sigismnndum,

210 2445 294 2521 etad
311 2448 449 2522 amicos
468 2445 604 2538 literis,
625 2447 733 2520 enixe
751 2447 924 2540 curabat,
942 2454 1065 2538 uteo,
1086 2469 1192 2543 quem
1209 2453 1306 2521 retu·

210 2571 317 2666 limus,
345 2572 471 2665 modo,
499 2571 710 2664 Aaronem,
738 2597 805 2672 per
830 2573 1035 2649 submissos
1063 2571 1216 2649 idoneos
1245 2570 1306 2648 ho-

210 2697 307 2774 nines
325 2700 371 2776 ad
389 2701 518 2777 urbem
535 2701 754 2776 retraheret.

645 2889 781 2901 ——-
798 2894 822 2901 ..-
847 2895 861 2898 ..

523 3077 697 3158 GAPV'I'
726 3079 980 3172 QVINTVM

213 3239 450 3343 Sigiomundns
481 3246 661 3344 Princeps
687 3245 951 3343 expeditionem
982 3243 1117 3322 Sinoni
1148 3247 1308 3346 Vaporo'o

651 3370 843 3472 significat.

303 3530 374 3608 Sed
391 3540 432 3609 ut
449 3533 522 3608 iam
542 3533 589 3611 ad
606 3534 727 3632 ipsam
745 3533 836 3609 belli
854 3516 1102 3610 narrationem
1120 3537 1307 3632 regredia-

213 3678 296 3749 nnr,
320 3683 399 3737 cnm
418 3657 554 3734 nemini
580 3661 654 3736 iam
681 3659 827 3735 dubium
857 3667 982 3753 esset,
1010 3660 1307 3737 increbrescente

213 3782 316 3878 magis
332 3785 368 3859 in
387 3785 483 3877 dies,
502 3793 550 3878 et,
569 3793 610 3861 ut
628 3787 679 3880 fit,
698 3793 829 3861 cuncta
845 3785 882 3861 in
900 3787 1116 3862 immensum
1136 3795 1306 3884 augente,

213 3907 426 3987 adventantis
456 3909 585 3987 Sinoni
612 3935 778 4006 rumore,
807 3921 946 4010 quanta
973 3914 1031 3988 vis
1058 3913 1147 3989 belli
1175 3912 1306 3988 vicinis

213 4033 383 4132 Vngeriae
409 4039 557 4138 populis
585 4040 812 4140 immineret,
841 4048 961 4115 motus
989 4061 1113 4114 eorum
1140 4038 1305 4137 periculo

212 4153 380 4263 Princeps,
399 4188 468 4263 pro
487 4187 556 4240 sna
574 4166 612 4239 in
626 4172 822 4262 cognatam
843 4171 991 4258 gentem
1009 4163 1159 4263 pietate,
1170 4186 1306 4263 nequo-

213 4305 306 4380 quum
322 4291 391 4366 sibi
410 4291 774 4391 praetermittendum
792 4290 914 4384 duxit,
933 4313 988 4382 ea,
1008 4312 1102 4388 quoe
1119 4290 1307 4388 pertinere

213 4411 255 4486 ed
270 4434 381 4494 eorum
400 4419 596 4496 utilitatem
616 4419 819 4496 arbitratus
836 4424 958 4510 esset,
976 4439 1042 4494 eos
1061 4417 1196 4495 celare.
1218 4417 1306 4494 Pro·

213 4537 287 4615 inde
301 4545 409 4622 misso
432 4546 563 4622 nuncio
582 4569 649 4624 suo
673 4549 814 4624 Ioanne
832 4544 979 4620 Imrefio
998 4544 1048 4620 ad
1066 4539 1307 4645 Christopbo

214 4688 282 4744 rum
298 4671 627 4752 Tieffenbaccbium
655 4671 857 4773 superioris
877 4672 1069 4771 Vngariae
1093 4672 1305 4771 Proregem,
