3625 5534
667 492 708 561 hs
726 493 870 564 anvnlr.
921 538 925 544 ·
1182 498 1325 566 XXXIX

220 685 259 760 de
275 681 445 781 Euripide
465 677 588 757 dicere
607 679 762 772 solebat,
782 692 951 778 quotquot
968 693 1053 756 suat
1073 679 1224 782 odoqiu,
1244 686 1327 760 toti·

217 809 284 884 dem
299 821 378 882 mat
395 805 680 902 sapientissimae
698 807 893 880 sententiae
912 831 956 880 oc
985 807 1245 904 quodammodo
1273 811 1320 886 di·

214 939 295 1010 uino
311 931 475 1010 crocala.
506 977 511 990 ·

308 1062 387 1138 Nec
405 1067 465 1138 est
489 1059 588 1159 quod
616 1059 809 1158 quisquam
838 1060 1022 1137 succisam
1049 1063 1328 1160 proverbiorum

216 1189 418 1266 brevitatem
439 1192 658 1278 contemnat,
679 1209 772 1284 quae
792 1195 892 1262 certe
920 1208 995 1262 non
1013 1187 1097 1286 ipsa
1123 1191 1231 1281 mole,
1261 1190 1329 1266 sed

215 1315 336 1413 precio,
359 1337 406 1390 ac
424 1313 650 1390 sublimitate
669 1333 814 1404 sensus,
832 1335 940 1410 quem
958 1313 1108 1410 singula
1128 1315 1326 1408 continent,

215 1441 390 1518 autmari
408 1440 552 1518 debent.
573 1437 886 1531 Quemadmodum
906 1440 1000 1517 enim
1021 1443 1229 1537 gemmulae
1247 1467 1330 1544 per·

214 1569 359 1669 pusillae
377 1575 490 1666 atqroe
508 1565 722 1644 carbunculi
740 1565 892 1642 maioris
916 1589 1063 1666 semper
1089 1567 1189 1661 fiunt,
1219 1593 1329 1668 quam

214 1722 296 1775 sara
312 1694 546 1795 quartumvir
564 1693 740 1790 ingentia,
760 1701 797 1768 et
815 1693 911 1770 sicut
929 1693 967 1768 in
986 1696 1240 1773 minutissimis
1253 1697 1329 1773 ani·

214 1825 386 1902 nautibus
406 1821 524 1899 maius
543 1827 602 1897 est
619 1829 774 1897 naturae
791 1820 1018 1914 miraculum,
1046 1822 1080 1897 si
1108 1823 1191 1921 quis
1220 1825 1328 1902 modo

214 1951 353 2052 propius
378 1948 656 2046 contempletur,
686 1969 794 2045 quam
821 1947 860 2022 in
886 1948 1111 2026 maioribus:
1140 1949 1194 2025 ita
1220 1951 1259 2024 in
1285 1976 1328 2030 re

215 2077 376 2170 literaria,
395 2097 492 2174 quae
511 2075 659 2151 minima
668 2083 763 2164 sunt,
783 2097 897 2172 saepe
906 2079 1102 2176 plurimum
1110 2078 1251 2175 ingenii
1262 2079 1326 2155 ha·

214 2207 292 2284 here
308 2201 640 2304 deprehenduntur.

306 2328 405 2422 Quid
414 2327 510 2405 enim
519 2327 579 2403 his
588 2335 662 2405 tam
675 2328 851 2404 brevibus
862 2327 974 2404 dictis
993 2328 1323 2428 atqueproverbiis

214 2457 311 2552 aliud,
327 2455 495 2555 quamvis
505 2477 573 2554 per
582 2454 812 2531 involucrum
824 2454 1019 2552 quoddam,
1030 2453 1202 2547 innuitur,
1214 2479 1324 2554 quam

212 2585 319 2661 solida
335 2583 421 2682 ipsa
438 2581 708 2679 Philosophiae
727 2603 890 2688 summa,
900 2603 1010 2678 quam
1027 2586 1085 2658 tot
1102 2577 1321 2680 Sapientiae

212 2709 396 2789 Antistites
414 2691 492 2787 tam
512 2708 635 2786 multis
655 2707 875 2806 magnisque
894 2707 1141 2784 voluminibus
1160 2707 1321 2785 tradide-

100 2817 101 2844 Ν
213 2838 312 2916 rmtt

303 2965 419 3041 Recte
454 2963 567 3060 igitur
605 2962 748 3037 sensuit
784 2959 1009 3038 Plutarchus
1046 2959 1180 3038 author
1209 2963 1323 3056 louge

208 3092 448 3190 gravissimae,
476 3089 623 3191 Adaqio
649 3100 808 3163 veteram
825 3085 1010 3164 simillimo
1036 3111 1108 3162 essa
1134 3091 1314 3185 mysteriis

100 3221 101 3224 ‘
209 3243 397 3309 socrormu,
415 3213 474 3290 ool
491 3210 548 3314 (ut
579 3213 835 3290 Ecclesiastici
864 3209 1076 3312 Scriptores
1103 3215 1320 3312 loquuntur)

208 3343 431 3419 tucrumutis
449 3339 678 3440 quibusdam,
696 3340 735 3415 iu
754 3340 888 3438 quihus
913 3340 1095 3416 maxinme
1123 3341 1319 3439 quaepiam

207 3493 271 3564 res,
288 3493 332 3546 ac
349 3489 504 3567 prorsus
523 3465 680 3558 divinae,
701 3466 887 3543 minutulis
917 3490 962 3542 ac
980 3466 1018 3540 in
1044 3466 1206 3566 speciem
1224 3489 1319 3566 peue

209 3594 535 3696 mntomptihilihus
557 3591 774 3688 ceremoniis
793 3592 999 3690 significari
1017 3593 1148 3668 solent.

305 3719 512 3807 Caeterum,
532 3741 612 3796 cum
623 3717 829 3796 Proverbia
839 3719 887 3795 ad
896 3718 1177 3818 Philosophiam
1186 3717 1320 3795 condu-

208 3871 283 3926 cere
309 3846 405 3936 dico,
434 3844 515 3922 eius
542 3843 687 3922 nomine
716 3867 858 3922 omnem
886 3845 1108 3944 sapientiam
1135 3842 1315 3941 intelligo.

209 3973 331 4052 Nullus
358 3982 418 4050 est
444 3971 540 4048 enim
568 3972 832 4071 propemodum
860 3972 960 4067 ordo,
995 3971 1058 4072 qui
1085 3995 1132 4046 ex
1150 3969 1318 4045 docmina

208 4099 424 4200 Adagiorum
441 4122 515 4176 non
533 4099 673 4198 ahquid
690 4099 751 4176 vel
770 4097 941 4177 utilitatis
968 4098 1126 4190 haurire,
1154 4096 1216 4172 vel
1243 4096 1315 4170 sal-

206 4235 270 4306 tem
287 4229 553 4328 aliquantulum
580 4228 726 4325 gratiae
753 4250 799 4303 ac
825 4226 1033 4303 venustatis
1059 4221 1221 4302 sermoni
1248 4243 1315 4298 suo

206 4355 393 4432 conciliare
410 4353 757 4453 deprehenderetur.
778 4351 876 4448 Quid
894 4352 1019 4428 enim?
1043 4351 1176 4426 Nonne
1193 4348 1314 4426 Theo·

207 4481 304 4580 lopus
323 4504 461 4580 magna
478 4503 559 4558 uum
577 4482 701 4578 gratia
719 4503 808 4560 suas
835 4479 1030 4555 conciones
1058 4475 1315 4552 selectissimis

206 4605 298 4688 hisce
316 4607 510 4688 oenoentiis
527 4606 641 4686 veluti
660 4607 853 4708 gemmulis
864 4604 1083 4710 quibusdam
1092 4600 1312 4691 micantibus
