3625 5534
828 543 875 592 10.
896 540 997 591 naen
1021 539 1172 591 nnaovlr

775 783 954 864 OAPVT
983 785 1095 863 NON
1100 786 1187 863 VM.

418 957 477 1028 Do
504 954 665 1052 inpressa
695 951 960 1048 Principiam
992 947 1293 1046 Transalpinam,
1331 956 1365 1017 et
1392 944 1550 1041 arrprrrio

909 1074 1066 1171 aquilae.

480 1284 483 1290 ,
522 1221 724 1318 Postquam
751 1243 879 1295 omnes
915 1220 1076 1317 undique
1113 1216 1243 1317 copiae
1281 1217 1468 1305 coierunt,
1507 1219 1544 1286 et

418 1347 616 1444 diligenter
634 1348 815 1421 lustratae
834 1345 939 1421 iuxta
958 1352 1070 1442 atque
1090 1351 1256 1420 armatae
1265 1342 1425 1430 luerunt,
1444 1337 1549 1412 Prin-

420 1496 509 1572 ceps
537 1471 628 1546 nihil
655 1471 729 1545 iam
756 1469 856 1546 ultra
883 1471 1126 1547 cunctandum
1144 1478 1260 1561 ratus,
1278 1463 1551 1565 impedimentis

383 1599 729 1699 ·-praemissiscum
741 1597 838 1673 omni
858 1598 1033 1692 exercitu,
1053 1598 1202 1697 alpibus
1218 1616 1333 1691 aegre
1353 1578 1401 1669 ob
1423 1611 1553 1667 coeno

409 1724 558 1808 ,sissimi
575 1724 719 1799 itineris
739 1723 992 1799 difficultatem
1022 1731 1060 1798 et
1079 1721 1273 1820 angustias
1292 1716 1495 1817 superatis,
1514 1715 1551 1789 in

421 1850 709 1949 Transalpinam
735 1851 928 1949 profectus
955 1856 1033 1945 est,
1062 1837 1187 1946 ibique
1207 1845 1275 1921 IV.
1298 1846 1359 1921 die
1385 1841 1551 1919 octobris

423 1977 471 2052 ad
498 1977 660 2076 mapalia
690 1975 853 2052 Rukkae
883 1976 957 2051 vici
983 1977 1022 2052 in
1058 1974 1228 2050 faucibus
1257 1973 1394 2071 alpium
1426 1977 1554 2046 castra

421 2111 580 2180 metatus
600 2109 667 2178 est.
697 2103 756 2178 Ibi
785 2101 869 2177 dum
897 2102 1093 2178 tentorium
1117 2098 1302 2199 Principis
1330 2096 1553 2185 extenditur,

422 2255 504 2307 oum
540 2229 698 2304 nondum
734 2229 892 2328 ipsemet
920 2252 964 2304 eo
1002 2228 1245 2326 pervenisset,
1284 2225 1411 2323 aquila
1447 2223 1552 2299 senio

422 2356 496 2430 iam
523 2355 691 2430 albicans
725 2352 922 2453 praecipiti
957 2356 1085 2431 volatu
1122 2377 1169 2428 ex
1207 2351 1355 2451 alpibus
1392 2350 1554 2450 delapsa

424 2487 491 2573 est,
524 2488 563 2555 et
589 2504 701 2555 manu
726 2482 775 2555 ab
802 2480 1059 2576 ingruentibus
1087 2478 1349 2578 praetorianis,
1386 2499 1468 2552 cum
1496 2499 1553 2551 re·

423 2612 537 2705 pente
560 2603 668 2680 humo
692 2628 734 2680 ae
760 2629 852 2703 prae
880 2605 1132 2703 magnitudine
1159 2605 1292 2681 tollere
1310 2627 1385 2681 non
1405 2609 1548 2700 posset,

424 2729 699 2829 comprehensa,
728 2753 773 2804 ac
791 2729 840 2804 ad
858 2723 1069 2829 Principem
1088 2729 1254 2806 deducta.
1274 2727 1425 2804 Terruit
1445 2750 1555 2802 omen

424 2855 608 2955 Principis
637 2863 798 2950 cunctos,
819 2859 927 2954 quasi
946 2857 993 2933 ad
1013 2857 1174 2933 cadaver
1191 2858 1352 2932 futurum
1371 2875 1415 2929 eo
1426 2853 1554 2952 aquila

425 2983 652 3074 advolasset,
672 2991 708 3058 et
728 3006 808 3058 oum
827 2983 954 3082 aquila
971 2983 1131 3059 Romani
1144 2983 1295 3082 Imperii
1325 2980 1375 3056 sit
1393 2980 1554 3076 signum,

426 3132 472 3183 ea
499 3115 611 3206 capta
636 3108 839 3206 periculum
874 3109 1015 3184 nostris
1042 3109 1259 3183 immineret.
1298 3106 1373 3182 Sed
1410 3128 1494 3180 cum
1531 3127 1555 3177 a

426 3234 557 3332 peritis
594 3233 831 3310 historiarum
867 3235 1023 3333 peritius
1044 3234 1281 3311 considerata
1308 3256 1370 3309 res
1397 3231 1555 3306 fuisset:

427 3358 596 3454 quamvis
613 3358 727 3433 futuri
747 3367 901 3435 eventus
922 3360 994 3439 soli
1007 3360 1090 3436 Deo
1111 3367 1343 3453 constarent3
1362 3367 1488 3434 tamen
1508 3381 1556 3432 ex

427 3483 613 3560 annotatis
640 3483 875 3560 historiarum
903 3509 976 3560 non
1004 3486 1214 3562 dubitanter
1241 3492 1558 3561 asseveraverunt

428 3610 623 3704 doctiores,
643 3633 750 3685 omen
768 3611 807 3684 id
824 3612 1068 3688 laetissimum
1096 3634 1192 3705 esse,
1219 3621 1257 3688 et
1273 3611 1420 3687 nonnisi
1440 3612 1557 3685 ricto·

428 3738 522 3814 riam
541 3737 830 3828 celeberrimam,
860 3745 898 3812 et
925 3739 1120 3813 maximam
1149 3738 1342 3835 dignitatis
1371 3738 1557 3814 accessio·

428 3888 511 3940 nem
547 3862 712 3962 Principi
748 3864 980 3960 portendere.
1020 3866 1265 3942 Meminerant
1292 3864 1558 3941 Aristandrum

430 3987 583 4084 augurio
613 3987 759 4084 aquilae
797 3988 1015 4065 traiioientis
1057 3989 1095 4064 in
1121 3991 1261 4074 hostes,
1298 3989 1556 4067 Alexandrum

429 4113 605 4189 victorem
633 4112 879 4212 portendisse.
917 4114 1011 4191 Cum
1039 4119 1246 4215 Tarquinio
1266 4117 1398 4194 Prisco
1427 4117 1558 4215 aquila

429 4240 565 4337 pileum
595 4240 800 4316 detractum
828 4242 942 4341 capiti
970 4243 1007 4317 in
1036 4245 1193 4320 sublime
1222 4243 1424 4334 erexisset,
1453 4269 1560 4319 mox·

430 4389 502 4462 que
520 4367 761 4464 reposuisset,
789 4367 958 4464 Regnum
987 4368 1020 4443 ci
1039 4370 1202 4446 ominata
1219 4371 1299 4446 fuit.
1335 4369 1421 4446 Non
1441 4371 1559 4446 multo

431 4490 526 4566 euim
544 4498 632 4590 post
641 4492 887 4568 Romanorum
898 4493 982 4569 Rex
1001 4502 1148 4571 oreatus
1166 4495 1246 4571 suit.
1264 4495 1473 4571 Martianus
1492 4521 1559 4571 an-

429 4622 577 4711 tequam
596 4619 804 4715 Imperator
822 4626 971 4695 creatus
989 4618 1132 4713 suisset,
1146 4620 1199 4694 ‘in
1226 4619 1326 4695 bello
1345 4619 1559 4696 Vandalico

292 4769 295 4778 ·
431 4747 561 4842 captus
580 4739 830 4840 aGeuserico,
850 4746 1073 4845 promiserat
1083 4769 1135 4840 se,
1155 4748 1188 4822 si
1209 4749 1418 4846 Imperator
1436 4748 1559 4842 fieret,
