3625 5534
458 654 712 752 nusapraelio
722 650 921 743 abstinere,
931 672 999 724 nec
1010 671 1187 723 summam
1196 647 1251 722 rei
1261 648 1430 728 fortunae
1439 652 1599 748 permit·

457 780 605 856 tendam
625 802 709 855 esse
729 777 929 873 cogitabat,
953 774 1021 849 sed
1039 782 1209 848 eventum
1229 773 1596 880 obsidionisexpec-

459 907 623 998 tandum,
644 912 682 979 et
701 927 748 980 ex
765 909 933 997 tempore
955 899 1146 974 consilium
1166 899 1381 996 capiendum
1397 903 1594 978 censebat.

463 1029 516 1106 At
534 1027 790 1127 Sigismundus
810 1023 991 1119 Princeps
1009 1025 1121 1119 longe
1140 1023 1251 1098 aliam
1279 1024 1458 1101 rationem
1477 1049 1590 1104 secu·

459 1161 532 1247 tus,
552 1175 597 1227 ex
617 1151 739 1227 anime
750 1147 988 1246 Agriensinm
997 1147 1181 1220 fortunam
1191 1145 1447 1242 miserabatur,
1465 1153 1589 1228 refor-

458 1276 668 1372 midathue
685 1273 861 1371 periculo,
882 1272 981 1370 quod
999 1295 1046 1360 er
1066 1270 1170 1344 clade
1195 1272 1290 1346 tanti
1304 1278 1591 1372 propugnaculi,

459 1401 649 1476 aulalium
668 1400 829 1475 virorum
847 1398 998 1472 fortium
1016 1395 1214 1472 universae
1223 1395 1375 1473 Patriae
1393 1400 1588 1478 imminere

458 1524 664 1618 videbatur,
683 1529 837 1598 mortem
855 1522 979 1621 potius
995 1521 1139 1595 fortiter
1149 1529 1335 1620 oppetere,
1356 1547 1464 1620 quam
1475 1549 1589 1625 opem

457 1647 706 1745 Agriensibus
725 1669 798 1721 non
816 1647 917 1721 ferre
936 1646 1108 1721 malebat.
1129 1643 1208 1720 Sed
1226 1655 1423 1746 antequam
1451 1674 1474 1726 e
1491 1650 1586 1728 Pro-

456 1775 601 1850 vinciae
628 1773 763 1849 finibus
791 1772 998 1862 excederet,
1036 1779 1175 1846 certam
1196 1770 1403 1849 Siculorum
1430 1799 1581 1853 manum

413 452 421 464 ⁰
460 462 538 537 272
855 473 1192 528 10.1)1·101113A1tovm

1739 1837 1740 1874 l

458 1901 565 1975 Duce
583 1899 787 1974 Francisco
806 1899 921 1996 Nagy
945 1897 1110 1973 subsidio
1138 1896 1177 1971 in
1196 1898 1486 1998 Transalpinam
1501 1904 1585 1979 mit-

458 2026 514 2119 tit,
532 2025 713 2121 simulque
724 2023 844 2122 Alpes
862 2021 1076 2099 Moldaviae
1096 2023 1290 2121 oppositas
1310 2027 1463 2102 armatis
1483 2049 1581 2103 com·

456 2151 545 2248 plet,
573 2171 619 2225 ac
637 2145 843 2244 Georgium
862 2148 1029 2244 Borbely
1048 2146 1215 2223 excubiis
1247 2157 1378 2225 contre
1397 2149 1585 2228 Tartarus

458 2274 651 2374 dispositis
669 2272 847 2373 praeficit
876 2273 935 2350 Ne
953 2294 1042 2348 vero
1053 2295 1095 2347 se
1114 2273 1270 2348 absente
1288 2298 1445 2374 regnum
1462 2279 1585 2376 Impe

459 2401 515 2476 rio
533 2409 696 2495 vacaret,
716 2399 945 2504 Stephanum
955 2398 1184 2476 Boczlraium
1201 2399 1472 2479 intersummos
1492 2425 1580 2478 con·

457 2525 619 2602 siliarios
625 2527 838 2623 principem,
850 2532 1119 2622 cognatumque
1129 2526 1466 2624 suum,provinciae
1476 2550 1588 2627 prae-

456 2648 544 2744 ficit,
563 2651 670 2747 eique
688 2651 727 2725 in
745 2649 927 2726 mandatis
948 2649 1021 2743 dat,
1049 2656 1089 2724 nt
1114 2648 1299 2747 singulari
1318 2674 1407 2727 cure
1424 2675 1585 2750 regnum

351 2850 354 2856 .
457 2782 589 2851 contra
607 2774 790 2850 Tartaros
809 2782 846 2850 et
864 2774 1062 2851 Moldavos
1081 2781 1239 2870 tueatur,
1259 2798 1486 2875 operamque
1507 2777 1584 2872 det,

457 2926 504 2979 ne
532 2903 580 2978 ob
610 2901 815 2976 absentiam
843 2924 947 2976 suam
975 2901 1188 2999 respublica
1212 2902 1352 2998 aliquid
1371 2902 1585 2979 detrimenti

458 3027 593 3128 capiat.
621 3027 719 3104 Nam
737 3033 778 3101 nt
795 3026 1081 3125 Transylvanos
1100 3026 1147 3102 ab
1167 3049 1238 3125 ope
1258 3025 1511 3124 Agriensibus
1530 3029 1583 3104 se-

457 3154 573 3230 renda
591 3150 737 3229 Caesar
754 3150 961 3229 Turcarum
989 3160 1194 3228 averteret:
1223 3153 1398 3229 Tartaris
1430 3177 1584 3253 persus-

457 3285 568 3373 serat,
596 3283 637 3354 ut
667 3301 714 3354 ex
733 3276 925 3352 Moldavia
951 3277 991 3350 in
1018 3277 1321 3376 Transalpinam,
1351 3301 1397 3353 ac
1423 3279 1511 3354 inde
1543 3278 1580 3352 in

457 3403 772 3500 Transylvaniam
782 3402 1038 3499 irrumperent,
1058 3403 1253 3500 omniaque
1262 3402 1363 3478 ferro
1377 3427 1422 3480 ac
1430 3403 1579 3480 flamma

456 3529 662 3603 miscerent.
681 3531 742 3603 lta
759 3527 941 3625 Princeps
959 3529 1071 3604 rebus
1090 3528 1303 3627 provinciae
1331 3530 1402 3605 rite
1421 3530 1579 3629 disposi-

386 3677 389 3681 ·
454 3655 516 3749 tis,
535 3652 816 3730 selectissimam
842 3676 1025 3750 quamque
1052 3655 1160 3752 regni
1186 3653 1419 3731 nobilitatem
1438 3661 1580 3744 evocat,

393 3757 399 3766 ¹
454 3789 492 3856 et
517 3780 630 3856 lentis
657 3778 852 3856 itineribus
880 3779 1109 3857 Varadinum
1129 3780 1377 3878 progreditur.
1415 3781 1477 3858 Ibi
1505 3781 1579 3857 lus·

454 3912 552 3981 trato
572 3905 747 4014 exercitu,
768 3904 830 4001 qui
848 3904 896 3980 ad
915 3906 1054 3983 XVIII
1074 3906 1220 3983 circiter
1244 3906 1361 3982 millia
1380 3905 1580 3984 selectissi·

454 4051 595 4106 morum
623 4030 786 4128 equitnm
814 4052 859 4105 ao
885 4030 1050 4129 peditum
1073 4030 1248 4129 habebat,
1277 4055 1386 4129 quum
1414 4031 1578 4132 accepis·

455 4163 515 4231 set
531 4153 738 4253 Agrienses
766 4157 804 4230 in
832 4179 973 4233 summo
1001 4157 1167 4256 periculo
1196 4157 1354 4251 versari,
1383 4156 1579 4254 profectio

454 4303 538 4358 nem
556 4284 752 4378 accelerat,
776 4306 822 4360 ac
849 4289 954 4360 recta
972 4284 1233 4378 Debreoinum,
1261 4283 1346 4360 inde
1365 4281 1577 4360 Tokainum

454 4407 702 4507 progreditur.
731 4408 936 4506 Postquam
954 4408 1108 4487 Tibisco
1127 4411 1283 4486 traiecto
1312 4407 1468 4506 Agriam
1498 4433 1579 4508 cap·

453 4541 529 4610 tam
547 4558 593 4612 ac
611 4556 760 4610 caesum
778 4535 1006 4633 praesidinm
1025 4537 1180 4635 accepit,
1198 4533 1341 4633 ingenti
1351 4534 1480 4612 dolore
1498 4559 1578 4634 per-

453 4659 560 4736 fusus
578 4681 737 4756 pergere
756 4666 889 4756 tamen,
910 4667 948 4736 et
966 4661 997 4734 si
1016 4661 1304 4738 Maximilianum
1324 4681 1368 4734 eo
1378 4660 1576 4758 perducere
