3625 5534
458 425 547 494 Lxx
845 414 1192 484 nucsrrlnosduuru

459 606 583 682 multis
602 603 786 702 expensis,
808 623 963 699 papyro,
992 599 1148 692 calamo,
1167 606 1382 692 atramento,
1401 612 1440 679 et
1458 602 1593 679 nescio

459 730 592 829 quibus
612 727 697 804 aliis
713 724 976 834 multiplicibus
994 725 1250 801 instrumentis
1269 747 1363 824 opus
1379 728 1562 804 hebemus
1585 755 1595 800 ε

459 856 530 931 has
549 876 637 929 vero
656 859 806 928 nostras
843 851 974 926 literas
993 850 1179 943 facillime,
1197 852 1492 951 brevissimoque
1502 859 1598 928 tem-

460 1003 552 1080 pore
563 977 746 1076 quispiam
756 975 952 1051 addiscere
970 981 1105 1073 potest,
1124 998 1264 1073 easque
1274 976 1356 1052 sine
1373 977 1461 1053 ullis
1471 977 1598 1068 libris,

462 1105 625 1196 calamis,
645 1108 861 1194 atramento,
880 1122 1037 1198 papyro,
1065 1101 1127 1174 vel
1145 1099 1258 1195 lignis
1275 1100 1395 1177 instet
1415 1097 1599 1199 Scytalae

464 1228 813 1317 Lacedaemonicae,
832 1223 892 1299 vel
913 1224 999 1300 aliis
1011 1225 1204 1321 quibusvis
1223 1227 1389 1302 materiis
1408 1226 1599 1303 nullone

463 1355 566 1452 gotio
595 1353 810 1429 inscribere.
849 1349 1098 1443 Quamobrem
1126 1349 1296 1448 equidem
1325 1350 1460 1447 dignas
1479 1354 1600 1428 hasce

464 1479 596 1553 literas
615 1499 700 1554 esse
718 1477 851 1565 iudico,
890 1497 985 1572 quae
1008 1499 1082 1550 non
1100 1476 1219 1551 solum
1238 1476 1276 1551 in
1295 1477 1464 1553 omuibus
1483 1475 1598 1552 sobo-

464 1603 515 1678 lis
533 1603 659 1699 pueris
691 1609 945 1702 proponantur
972 1606 1010 1676 ct
1028 1597 1264 1694 instillentnr,
1283 1601 1351 1679 sed
1370 1603 1482 1678 etism
1501 1623 1599 1699 quas

467 1727 625 1805 omnium
655 1726 821 1801 ordinum
849 1731 1034 1801 nostrates
1063 1724 1240 1816 homines,
1272 1726 1390 1824 pueri,
1427 1725 1598 1815 iuvenes,

468 1873 589 1946 senes,
626 1849 707 1944 viri,
745 1850 938 1942 mulieres,
990 1849 1136 1925 nobiles
1172 1873 1218 1924 ac
1251 1852 1390 1943 rustici,
1428 1852 1598 1928 breviter

470 2001 608 2072 omues,
637 1977 700 2075 qni
727 1976 905 2074 Vngaros
933 1998 976 2051 se
1002 1976 1194 2052 nominare
1221 1978 1360 2068 volunt,
1388 1977 1598 2054 addiscant.

573 2102 703 2178 Laudo
723 2125 793 2198 ego
812 2093 1043 2200 propositum
1062 2100 1194 2193 Tuum,
1214 2101 1313 2198 quod
1322 2101 1417 2177 haec
1425 2102 1600 2198 Linguae

469 2229 668 2328 Scythicae
687 2225 911 2301 Rudimenta
939 2223 1148 2324 collegeris,
1167 2232 1205 2299 et
1223 2224 1368 2303 discere
1386 2227 1599 2304 volentibus

470 2353 740 2429 communiente
777 2349 950 2426 volueris.
991 2349 1075 2424 Etsi
1113 2349 1209 2425 enim
1242 2351 1419 2426 breviora
1445 2359 1533 2428 sunt
1561 2362 1601 2429 et

471 2479 633 2571 rumora,
654 2499 764 2574 qnam
782 2472 879 2551 forte
899 2475 983 2572 quis
1006 2475 1247 2565 desideraret,
1267 2485 1390 2552 tamen
1408 2499 1483 2552 non
1504 2476 1599 2554 diffi-

471 2602 530 2693 do,
551 2601 638 2702 quin
670 2600 735 2675 alii
763 2621 909 2697 qnoque
944 2600 1189 2697 reperiantur,
1225 2602 1287 2697 qui
1316 2602 1387 2678 hoc
1415 2605 1601 2702 exemplo,

470 2727 564 2802 haec
582 2724 732 2820 liuguae
759 2730 910 2799 nostrae
938 2732 1142 2823 praecepta
1170 2725 1396 2823 amplificare
1429 2735 1467 2802 et
1484 2751 1600 2806 exac-

470 2853 543 2928 tius
562 2848 712 2925 tradere
750 2847 877 2924 velint.
906 2851 1020 2926 Ianus
1048 2850 1112 2925 ille
1139 2849 1353 2929 Pannonius
1381 2853 1598 2953 Episcopus

471 2974 642 3072 Quinque
661 2975 925 3066 Ecclesiensis‚
952 2984 1162 3052 nostrornm
1188 2985 1382 3076 poetemm
1402 2981 1603 3056 celeberri-

472 3127 552 3180 mus
572 3127 652 3180 cum
672 3112 778 3181 tante
796 3104 964 3180 doctrina
979 3105 1226 3181 etautoritate
1245 3105 1437 3202 praeditus
1454 3108 1605 3198 fuisset,

472 3239 688 3306 tamennon
708 3231 854 3307 erubuit
872 3230 1099 3325 Vngarioam
1128 3227 1418 3308 Grammaticam
1437 3235 1601 3310 conscri-

475 3358 583 3452 bere;
623 3357 789 3454 quamsi
816 3355 995 3434 maiorum
1031 3365 1240 3432 nostrorum
1267 3360 1499 3456 negligentia
1526 3381 1603 3433 non

474 3482 737 3576 emisissemus,
775 3481 997 3558 haberemus
1035 3489 1145 3574 certe,
1184 3506 1256 3580 quo
1283 3483 1320 3558 in
1348 3485 1420 3558 hoo
1456 3506 1604 3582 qnoque

475 3608 588 3683 studii
606 3630 743 3703 genere
762 3609 1018 3704 gloriaremur.
1049 3609 1157 3684 Nunc
1179 3631 1259 3683 cum
1277 3609 1344 3685 illa
1363 3610 1604 3706 interciderit

475 3742 513 3810 et
540 3731 602 3807 Tu
633 3740 734 3807 recte
762 3732 876 3821 facis,
916 3731 978 3830 qui
1006 3740 1158 3809 nostrae
1196 3731 1332 3809 Gentis
1352 3733 1603 3812 Literatnram

474 3861 523 3936 ab
542 3858 730 3934 oblivione
759 3857 949 3933 vindicare
977 3857 1126 3955 studcs;
1156 3865 1194 3934 et
1220 3859 1305 3952 alii,
1335 3861 1398 3958 qui
1425 3861 1599 3937 maximis

475 3984 598 4060 forent
626 3983 727 4079 digni
755 3983 929 4058 laudibus
938 4015 952 4074 ,·
975 3983 1008 4059 si
1036 3983 1267 4081 Vngarieam
1300 3982 1602 4078 Grammatioam,

475 4109 756 4206 nativorumque
784 4109 1046 4185 vocabulorum
1065 4118 1103 4185 et
1128 4109 1408 4209 proverbiorum
1436 4112 1602 4210 origines

481 4232 529 4308 ad
547 4235 815 4333 praescriptum
836 4235 928 4310 artis
947 4232 1201 4310 elaborarent.

585 4358 636 4434 At
665 4359 697 4433 si
727 4359 800 4433 iam
835 4381 915 4433 cum
956 4354 1114 4434 Graecis
1152 4359 1364 4456 primariam
1392 4383 1529 4459 magna
1555 4385 1604 4438 cx

477 4493 585 4583 parte
612 4485 800 4561 amisimus
828 4485 1048 4584 potentiam,
1076 4494 1114 4560 et
1146 4479 1197 4582 (ni
1216 4486 1321 4563 Deus
1348 4511 1416 4585 pro
1444 4509 1513 4564 sus
1531 4488 1605 4564 olo·

477 4607 613 4686 mentia
649 4605 883 4708 averruncet)
911 4607 1083 4686 amissuri
1119 4616 1233 4687 totum
1261 4609 1447 4692 videmur:
1469 4613 1604 4692 saltem
