3625 5534
498 551 548 602 nu
566 553 648 606 aas.
670 555 754 606 vno.
776 557 859 608 nuc.
881 558 916 610 x.
940 559 971 610 u.
993 562 1028 614 x.
1263 541 1340 618 243

211 735 251 800 et
271 750 340 803 nos
361 749 455 825 quae
474 735 602 802 noster
620 737 801 825 paternus
819 733 858 806 in
876 741 915 808 te
935 758 1037 811 amor
1066 739 1242 831 postulat,
1271 737 1339 814 tibi

209 854 249 927 in
270 861 346 928 tam
364 852 471 949 gravi
484 876 608 943 causa,
628 858 899 952 monachicam,
916 861 1223 955 significaremus.
1244 863 1340 937 Nam

210 985 410 1053 etcertum
437 1001 582 1076 quoque
609 979 790 1056 homiuem
811 981 921 1060 huius
950 985 1005 1060 rei
1034 1008 1149 1061 causa
1177 987 1340 1062 fortasse

212 1103 264 1178 ad
283 1110 321 1178 te
341 1105 547 1180 mittemus:
567 1107 671 1200 augit
689 1108 785 1214 enim
797 1132 866 1185 nos
885 1111 978 1186 haec
997 1109 1206 1188 sollicitudo
1226 1134 1341 1209 supra

211 1251 325 1326 quam
344 1229 416 1303 dici
434 1230 555 1328 possit
583 1232 917 1310 vehementissime.
947 1237 1080 1333 Itaque
1113 1244 1150 1311 te
1178 1237 1231 1312 fili
1255 1237 1341 1312 cha·

210 1355 360 1430 rissime
378 1355 577 1439 hortamur,
598 1364 636 1432 et
654 1367 793 1454 quanta
811 1360 973 1434 maxima
1001 1381 1197 1458 possumus
1216 1359 1337 1437 effica-

211 1480 271 1556 cia
289 1503 488 1568 monemus,
510 1488 547 1556 et
567 1483 807 1560 obsecramus
827 1486 864 1560 in
875 1486 1047 1579 Domino,
1067 1496 1106 1562 ut
1125 1487 1339 1563 consideres

212 1607 402 1697 attentius,
423 1617 595 1704 quantam
615 1607 689 1682 Dei
716 1589 754 1684 e't
782 1612 960 1686 bonorum
989 1611 1147 1689 omnium
1172 1613 1341 1688 offensio·

209 1755 294 1807 nem
325 1731 417 1806 haec
444 1738 508 1804 tua
526 1733 625 1807 actio
655 1741 692 1808 et
711 1733 931 1810 deliberatio
959 1735 1134 1830 incurrat,
1165 1745 1339 1834 quantam

210 1880 373 1934 coronae
391 1865 477 1932 tuae
506 1861 688 1934 maculam
717 1860 849 1937 inurat.
878 1859 1000 1940 Orode
1020 1864 1116 1938 enim
1138 1862 1256 1956 nobis,
1277 1866 1340 1962 qui

209 1984 280 2059 tibi
306 1983 473 2081 parentis
504 1985 585 2061 loco
614 1985 653 2058 in
672 1982 823 2094 Christo
852 2009 988 2082 sumus,
1027 1988 1089 2086 qui
1107 1995 1145 2064 te
1163 2012 1237 2066 non
1256 1989 1340 2064 ficte

209 2111 280 2186 sed
297 2133 388 2184 vere
407 2110 605 2208 diligimus,
639 2111 702 2209 qui
725 2119 825 2188 tuam
854 2114 892 2188 in
920 2114 990 2191 hoc
1021 2115 1146 2190 seculo
1165 2115 1335 2211 gloriam,

208 2237 247 2311 in
265 2238 390 2313 futuro
409 2246 599 2314 aeternam
615 2238 832 2330 felicitatem
851 2249 1041 2338 optamus:
1071 2237 1191 2316 Crede
1212 2241 1331 2330 nobis,

211 2361 305 2453 hoc,
345 2386 516 2461 magnam
543 2366 676 2462 lamae
695 2373 781 2468 tuae
817 2365 916 2463 apud
944 2389 1056 2461 reges
1086 2375 1123 2441 et
1148 2365 1338 2464 principes
1404 2405 1406 2414 ·

211 2487 450 2564 Christianos
478 2490 602 2565 labem
628 2489 745 2582 inuri;
778 2492 945 2585 graviter
974 2514 1098 2568 omncs
1125 2493 1267 2584 ferunt,
1298 2499 1335 2567 et

211 2621 389 2711 tanquam
408 2622 571 2692 monstro
606 2616 725 2693 simile
753 2616 994 2709 detestantur,
1023 2624 1087 2694 tua
1115 2618 1338 2710 causatori,

210 2763 258 2815 ns
277 2763 340 2815 res
359 2738 572 2818 Christiana
599 2765 780 2841 prospere
808 2751 970 2841 geratur,
1001 2769 1048 2820 nc
1064 2745 1243 2844 Princeps
1271 2769 1337 2842 gc·

211 2887 379 2954 nerosus‚
409 2868 471 2964 qui
491 2891 532 2942 se
552 2845 703 2944 deuouit
719 2876 876 2966 propter
900 2865 1089 2944 Christum
1117 2871 1246 2946 felices
1274 2870 1337 2945 ha-

208 2992 298 3067 beat
316 3014 540 3089 progressus
557 2994 595 3068 iu
615 2994 686 3068 hoo
707 2995 808 3069 bello
827 3001 902 3069 tam
922 2996 993 3092 pio,
1013 3003 1088 3071 tam
1108 2995 1334 3086 necessario,

208 3126 338 3194 contra
363 3119 532 3196 infideles
552 3122 697 3196 Turcas
728 3129 765 3197 et
785 3123 969 3197 Tartaros
995 3146 1067 3198 non
1097 3124 1215 3198 minus
1240 3130 1336 3212 tuos,

212 3257 277 3323 aut
303 3248 464 3323 fortasse
492 3249 601 3324 etiam
631 3251 762 3345 magis,
790 3273 899 3348 quam
926 3250 1038 3342 illius,
1067 3255 1104 3324 et
1132 3255 1336 3324 ceterorum

211 3373 435 3473 Principum,
464 3375 603 3449 hostes.
639 3373 713 3450 Sed
742 3375 829 3473 quid
857 3376 1040 3450 dicimus?
1080 3373 1336 3475 Transylvani

210 3499 396 3597 Principis
414 3522 639 3599 progressus
658 3501 848 3599 impedire.
877 3500 1013 3576 Porum
1033 3503 1104 3579 hoc
1123 3507 1236 3591 esset,
1263 3500 1336 3574 imo

211 3649 300 3702 vero
336 3627 376 3701 in
403 3650 580 3716 summum
608 3627 811 3725 periculum
841 3626 1043 3720 coniicitur,
1072 3635 1109 3703 et
1129 3628 1336 3702 Turoarum

209 3751 326 3828 lurori
343 3751 525 3846 obiicitur,
546 3775 591 3826 ac
607 3750 871 3850 propemodum
899 3750 1076 3828 traditur:
1106 3751 1211 3848 atqui
1231 3749 1334 3824 Prin·

211 3901 301 3978 ceps
319 3901 393 3954 non
412 3879 532 3954 solum
551 3875 785 3953 Christianus
805 3885 842 3952 et
861 3875 1088 3967 Catholicus,
1118 3885 1156 3952 et
1174 3897 1241 3974 pro
1263 3871 1336 3950 fide

211 4003 373 4079 bellator
390 4002 511 4094 fortis,
540 4025 635 4099 quae
659 4002 777 4078 virtus
806 4012 843 4078 et
861 4001 1017 4077 inimicis
1033 4000 1278 4076 'admirabilis
1299 4006 1337 4076 et

211 4128 382 4204 amabilis
401 4151 487 4204 esse
506 4129 624 4222 solet:
646 4129 712 4204 sed
731 4129 898 4205 sororius
917 4137 1012 4221 tuus,
1040 4135 1096 4203 tot
1123 4124 1335 4226 propinqui-

211 4254 301 4330 tatis
318 4253 475 4329 vinoulis
493 4262 613 4329 tecum
633 4255 858 4348 coniunctus,
878 4255 981 4330 cuius
999 4253 1108 4330 liberi
1137 4253 1336 4329 liberorum

211 4387 356 4456 tuorum
391 4379 528 4455 fratres
566 4388 680 4456 erunt.
733 4373 831 4473 Quid
868 4380 952 4476 agis
989 4378 1042 4454 fili
1084 4376 1332 4453 charissime?

211 4506 307 4598 vide,
336 4528 383 4580 ne
400 4513 439 4580 te
466 4528 593 4582 omnes
611 4507 778 4584 homines
807 4508 977 4582 viventes
1006 4515 1043 4581 et
1068 4504 1212 4603 posteri
1241 4525 1336 4579 sum·

212 4655 293 4706 mae
311 4631 587 4708 inhumanitatis
608 4635 869 4708 condemnent:
890 4633 956 4708 sed
976 4628 1191 4706 vidcadhuc
1203 4629 1334 4722 magis,

212 4779 257 4832 ue
276 4760 314 4835 in
332 4767 514 4856 cognatos
533 4761 664 4857 solum,
684 4761 751 4836 sed
771 4761 941 4836 inDcum
959 4759 1090 4857 ipsum,
1109 4757 1171 4856 qui
1189 4763 1228 4832 te
1248 4755 1336 4830 duo-

1170 4877 1231 4946 16*
