3625 5534
478 465 531 545 80
871 493 920 543 10.
940 493 1041 545 nnon
1065 493 1214 546 unnovn

476 674 513 741 et
533 665 660 764 optimi
679 665 941 762 Imperatoris,
981 674 1024 741 ct·
1046 669 1185 743 strenui
1215 668 1343 743 militis
1363 678 1492 764 partes
1511 667 1609 741 desi·

476 784 634 885 deruvit)
653 789 818 887 acceptis
838 791 981 888 aliquot
1008 792 1180 866 adversis
1199 792 1429 886 vulneribus,
1449 819 1473 868 a
1495 791 1606 867 snise

473 937 601 1016 pugno
619 915 779 1005 sublato,
797 915 920 991 fracte
939 915 1106 1010 audacia,
1118 915 1231 1014 plane
1242 920 1482 994 succubuere.
1493 915 1607 1014 Equi·

473 1051 531 1118 tes
550 1063 631 1115 cum
649 1041 685 1114 in
706 1041 798 1137 fuga
815 1047 968 1133 tentum,
988 1039 1117 1116 confisi
1128 1043 1343 1140 pernicibus
1362 1042 1479 1141 equis,
1500 1063 1608 1139 spem

476 1167 638 1268 positum
656 1168 849 1256 baberent,
877 1168 927 1242 ab
951 1167 1117 1263 Vngaris
1146 1190 1444 1265 quaquaversum
1473 1166 1606 1264 fugati,

475 1301 513 1397 et
541 1293 605 1367 alii
641 1292 726 1367 aliis
753 1293 794 1366 in
819 1293 924 1384 locis,
954 1300 1063 1388 prout
1090 1316 1174 1368 sors
1194 1317 1375 1391 quemque
1394 1292 1607 1375 obtulisset

474 1419 536 1494 vel
555 1419 665 1516 capti,
686 1420 746 1492 vel
766 1419 936 1510 truncati,
956 1420 1104 1516 plurimi
1122 1420 1160 1493 in
1188 1421 1377 1518 proximus
1398 1418 1521 1494 Albae
1541 1439 1608 1512 pe·

474 1542 581 1618 ludes
601 1544 792 1642 compulsi,
810 1545 848 1619 in
868 1567 985 1621 coeno
1007 1551 1043 1617 et
1062 1543 1180 1641 aquis,
1192 1567 1381 1642 equorum,
1401 1564 1605 1618 armorum-

474 1691 545 1766 que
564 1670 790 1767 ponderibus
809 1670 945 1767 prcssi,
966 1669 1165 1768 perierunt.
1203 1668 1373 1746 Peditum
1398 1669 1511 1745 etiam
1530 1690 1606 1742 non

472 1794 655 1870 absimilis
674 1794 823 1871 fortuna
842 1795 936 1888 init,¹
952 1794 1132 1893 siquidem
1163 1820 1186 1870 a
1206 1794 1476 1871 Germanorum
1497 1793 1605 1890 eqni·

472 1928 552 1996 totu
573 1929 636 1997 aut
655 1922 813 2020 protriti,
833 1931 897 1998 aut
915 1923 1109 2019 globorum
1127 1922 1258 2000 iaculis
1270 1924 1318 1998 ab
1328 1921 1468 1998 eisdem
1479 1921 1603 1996 cuncti

473 2047 735 2144 propemodum
754 2047 934 2145 prostrati
952 2043 1158 2122 suere.'Ex
1187 2047 1374 2145 equitibus
1392 2047 1534 2142 plures,
1554 2069 1603 2121 ex

470 2173 530 2247 bis
549 2173 657 2271 pauci
677 2173 870 2249 admodum
890 2174 1362 2264 evaseressussasoucius,
1381 2173 1602 2262 victometn

471 2298 610 2390 dolore,
629 2300 780 2388 mutatis
801 2299 943 2398 aliquot
953 2300 1259 2397 equis,nusquum
1276 2299 1601 2398 respiraremus,

472 2446 552 2498 cum
570 2424 700 2518 paucis
719 2425 914 2500 comitibus
933 2425 1076 2499 Budum
1095 2432 1154 2500 cst
1172 2424 1328 2516 delatus,
1348 2424 1442 2498 adeo
1451 2422 1602 2521 trepida

472 2548 551 2622 cius
571 2548 733 2622 adventu
752 2551 853 2642 urbe,
873 2557 914 2625 ut
933 2551 966 2624 si
983 2549 1116 2625 hostes
1134 2559 1241 2646 tergo
1261 2550 1341 2627 eius
1360 2547 1602 2638 institissent,

472 2672 572 2746 nullo
592 2673 741 2768 negotio
761 2697 807 2748 ea
828 2682 902 2749 tum
923 2675 1034 2774 potiri
1058 2676 1275 2776 potuissent.

802 3263 978 3341 CAPV'P
1008 3262 1265 3342 DECIMVM.

626 3457 726 3554 Quid
747 3459 951 3538 Christiani
962 3475 1046 3562 post
1065 3467 1258 3539 victoriam
1282 3475 1440 3561 epermrt.

577 3672 786 3752 Secundum
805 3678 904 3754 hanc
922 3679 1116 3756 victoriam
1136 3701 1282 3755 rursum
1301 3677 1349 3754 ad
1369 3677 1491 3752 Albae
1502 3698 1601 3750 moe·

468 3800 532 3876 nia
549 3803 669 3877 nostri
687 3807 940 3897 convolarunt,
968 3813 1005 3880 ct
1033 3829 1113 3883 cnm
1132 3806 1281 3881 clausas
1304 3811 1436 3903 portus
1454 3799 1598 3899 aperiri

468 3926 647 4021 iuberent,
683 3928 723 4004 id
748 3937 889 4006 tantum
919 3931 1093 4031 responsi
1119 3932 1168 4005 ab
1195 3929 1350 4005 inclusis
1377 3929 1597 4008 retulerunt

468 4051 566 4148 quod
585 4077 666 4128 cnm
684 4077 754 4130 nec
770 4062 953 4133 tormenta
971 4077 1104 4150 secum,
1133 4079 1202 4132 nec
1226 4079 1307 4131 eam
1327 4059 1597 4130 commeatuum

315 4223 319 4230 -
467 4178 621 4276 copiam,
651 4202 726 4276 qua
754 4182 842 4257 freti
861 4185 1039 4259 obsessos
1059 4182 1108 4259 ad
1128 4181 1350 4258 deditionem
1362 4199 1596 4277 cogercpos

468 4311 560 4397 sent,
576 4304 765 4397 baberent,
786 4307 931 4382 minime
952 4331 993 4382 se
1012 4309 1068 4384 eis
1086 4307 1283 4407 parituros.
1312 4304 1404 4383 Oum
1431 4303 1595 4403 pruden-

465 4429 632 4522 tioribus,
651 4429 861 4508 instandum
891 4457 976 4509 esse
1005 4433 1201 4528 occasioni,
1230 4435 1416 4532 placeret:
1439 4428 1593 4505 facilem

466 4563 504 4630 et
520 4563 782 4633 tormentorum
802 4562 1087 4644 subvectionem,
1109 4570 1145 4635 et
1164 4567 1427 4635 commeatuum
1436 4555 1519 4632 iore
1531 4577 1592 4630 co-

463 4681 573 4778 piam,
593 4681 724 4756 nudam
743 4685 882 4779 urbem,
902 4695 939 4761 et
957 4685 1146 4783 praesidio
1158 4686 1378 4778 destitutam,
1392 4683 1453 4758 vix
1466 4705 1592 4776 unum,
