3625 5534
503 501 552 551 nu
571 502 652 554 ans.
673 504 764 557 vno.
785 507 868 560 nnc.
890 511 925 563 x.
944 512 977 562 n.
997 517 1033 566 x.
1262 498 1341 577 245

215 697 240 745 a
258 671 466 747 venerabili
484 683 590 773 patre
600 679 788 779 Episcopo
799 685 921 760 sancti
931 684 1071 774 Severi,
1091 701 1222 770 nostro
1242 699 1341 794 apud

212 804 251 872 te
270 795 490 895 Apostolioo
510 803 641 879 nuncio
657 804 695 879 id
717 830 896 906 expresse
916 821 953 887 et
964 814 1101 892 diserte
1121 818 1341 920 adnosper·

213 923 393 1021 scriptum
412 932 481 1018 est,
500 950 609 1024 quem
626 937 664 1005 et
681 933 789 1008 nobis
808 934 963 1032 fidelem,
990 948 1026 1015 et
1053 943 1107 1017 tui
1136 945 1340 1026 studiosum

212 1049 364 1144 sciurus,
384 1074 502 1150 neque
522 1055 597 1129 ullo
617 1057 723 1132 modo
742 1059 780 1134 iu
809 1061 958 1138 dubium
976 1087 1113 1144 vocare
1131 1093 1339 1169 possumus,

213 1174 303 1273 quia
321 1174 386 1250 ille
404 1177 453 1252 ad
471 1201 540 1253 nos
559 1179 604 1254 de
632 1189 707 1256 tam
735 1187 846 1277 gravi
864 1211 905 1261 re
925 1191 1085 1288 scripsit,
1115 1218 1162 1270 ex
1182 1218 1246 1275 ore
1274 1209 1338 1279 tuo

212 1302 418 1400 accepisse.
437 1302 543 1394 Quae
562 1329 642 1382 oum
663 1309 716 1384 ita
735 1332 778 1385 se
795 1313 969 1404 habeant,
998 1340 1078 1393 oum
1098 1321 1337 1422 multiplicem

209 1431 321 1508 huius
340 1432 395 1506 rei
413 1435 544 1529 gestae
562 1433 829 1511 absurditatem
848 1423 895 1512 ex
914 1442 1011 1516 omui
1029 1453 1149 1540 parte,
1167 1473 1214 1524 ue
1233 1459 1332 1528 atro·

210 1559 362 1634 citatem
381 1557 554 1651 dicamus,
583 1560 665 1659 ipse
694 1561 842 1637 videas:
879 1573 917 1638 te
945 1564 1077 1643 iterum
1113 1595 1157 1646 ac
1186 1579 1336 1676 saepius

209 1706 398 1781 rogamus,
417 1691 457 1758 ut
474 1683 533 1759 his
551 1684 803 1780 incommodis,
829 1711 924 1784 quae
943 1697 1158 1772 necessaria
1177 1709 1263 1776 suut
1281 1725 1338 1778 re·

214 1809 348 1902 media,
368 1809 633 1908 quamprimum
653 1810 854 1906 adhibeas3
872 1812 1084 1914 Principem
1103 1820 1335 1922 Transylva-

214 1960 311 2029 num,
331 1936 512 2012 sororium
531 1945 642 2029 tuum,
674 1937 743 2012 tibi
763 1938 959 2034 addictum,
988 1950 1148 2044 tuaeque
1176 1951 1335 2031 benevo-

215 2062 355 2139 lentiae
374 2062 553 2161 cupidum,
580 2072 643 2139 tuo
661 2065 867 2162 patrocinio
887 2067 1031 2164 foveas,
1062 2081 1127 2148 aut
1155 2086 1254 2154 certe
1275 2078 1332 2154 illi

208 2215 256 2266 ne
284 2212 444 2282 noceas,
481 2191 551 2265 imo
586 2191 654 2266 toti
682 2189 919 2268 Christianae
953 2196 1199 2300 reipublicae,
1239 2227 1333 2282 neve

209 2316 353 2395 Christi
370 2317 530 2394 hostium
550 2338 701 2391 causam
727 2318 804 2392 ulla
830 2319 973 2396 ratione
1002 2321 1187 2401 subleves.
1225 2327 1334 2420 Quod

208 2446 333 2544 siquid
352 2443 629 2521 controversiae
656 2465 737 2517 cum
757 2440 992 2540 Sigismundo
1012 2445 1185 2550 Principe
1204 2450 1333 2548 habes,

207 2581 272 2649 aut
302 2570 443 2668 aliquid
461 2571 509 2644 ab
539 2592 583 2644 eo
612 2567 814 2661 desideras,
843 2568 881 2642 id
910 2570 959 2644 ad
985 2594 1064 2666 nos,
1093 2575 1164 2649 hoo
1191 2585 1249 2652 est
1285 2580 1334 2656 ad

207 2697 360 2773 Patrem
386 2704 487 2772 tuum
515 2695 807 2771 amantissimum
835 2695 995 2772 deferas.
1036 2696 1129 2794 Scis,
1158 2710 1243 2780 tuas
1269 2715 1333 2782 res

206 2825 312 2900 cordi
331 2824 439 2898 uobis
459 2845 564 2899 esso:
584 2824 742 2898 manime
753 2845 946 2921 speramus
959 2825 1041 2900 Deo
1053 2835 1203 2905 auctore
1221 2808 1332 2908 facile

205 2951 287 3028 fieri
323 2973 457 3050 posse,
491 2959 532 3025 ut
560 2948 746 3023 commode
785 2949 911 3046 aliqua
940 2951 1036 3027 ratio
1064 2951 1230 3070 ineatur,
1259 2979 1332 3054 qua
1364 3045 1371 3056 ι

205 3083 303 3155 inter
331 3100 398 3152 vos
419 3102 502 3176 ,pax
530 3085 567 3151 et
599 3075 850 3173 tranquillitas
879 3085 1130 3170 conservetur,
1170 3089 1207 3156 ct
1234 3081 1331 3159 inter

204 3214 289 3281 tuos
318 3206 456 3281 iratres
484 3203 581 3278 tilios
610 3210 758 3278 nostros
787 3225 878 3277 vera
906 3203 1104 3279 concordia
1132 3206 1331 3304 coalescat,

205 3334 397 3430 omnisque
416 3329 524 3406 radix
543 3329 800 3405 amaritudinis
819 3353 866 3405 ex
885 3352 1011 3434 eorum
1030 3331 1162 3406 animis
1181 3335 1329 3432 penitus

208 3461 398 3536 evellatur.
427 3457 536 3532 Haec
563 3456 610 3531 ad
638 3463 687 3548 te,
717 3453 782 3542 fili,
820 3454 939 3530 libore
976 3465 1013 3530 et
1040 3465 1170 3556 aperto
1207 3463 1330 3538 cordis

204 3587 298 3681 sinu,
317 3585 385 3659 sed
403 3592 504 3659 certo
524 3583 692 3658 dolenter
711 3581 939 3680 scripsimus,
969 3584 1055 3681 quin
1084 3591 1122 3660 te
1151 3610 1328 3680 amamus,

207 3720 244 3786 et
272 3710 319 3784 de
345 3717 408 3783 tuo
435 3707 575 3783 honore
604 3731 649 3782 ac
676 3706 797 3783 solida
822 3706 984 3783 utilitate
1012 3707 1162 3784 solliciti
1188 3731 1325 3787 sumus.

210 3840 271 3914 Tu
289 3859 331 3911 re
349 3836 434 3935 ipsa
461 3833 625 3927 ostende,
653 3841 691 3908 te
718 3833 774 3908 sio
801 3833 867 3907 illa
897 3834 1079 3932 accipere,
1107 3834 1161 3909 uti
1178 3857 1203 3908 a
1221 3845 1329 3934 patre

209 3964 359 4062 scripta,
386 3961 451 4054 ita,
474 3969 515 4035 ut
533 3967 681 4036 nostras
701 3967 879 4057 paternas
899 3967 936 4034 et
955 3959 1141 4035 salutares
1161 3959 1327 4038 cohorta-

205 4089 336 4179 tiones,
356 4089 511 4164 aliorum
529 4088 649 4162 miuus
667 4087 742 4183 piis
763 4085 928 4160 consiliis
940 4085 1085 4158 omnino
1105 4092 1323 4185 anteponas.

128 4263 135 4284 .
205 4213 341 4292 Cetera
360 4215 430 4290 hoc
457 4215 505 4289 ds
522 4235 661 4310 genere
689 4211 868 4308 intelligis
898 4212 946 4284 ab
975 4211 1104 4286 eodem
1123 4213 1323 4312 Episcopo,

205 4352 242 4418 et
260 4342 391 4419 nuncio
402 4341 546 4439 apudtc
564 4346 704 4431 nostro,
720 4338 778 4414 cui
798 4338 842 4411 de
854 4357 955 4411 more
975 4336 1084 4412 fidem
1105 4336 1325 4414 omnemlsa·

199 4471 315 4561 bobis,
334 4455 491 4569 perinde
509 4490 554 4542 ac
572 4466 681 4541 nobis
700 4463 805 4563 ipsis.
826 4463 966 4538 Datum
978 4461 1324 4540 RomaeDieVHl.

200 4596 442 4690 Novembris,
463 4595 572 4670 Anno
591 4590 836 4667 Pontificatus
855 4587 975 4664 nostri
992 4597 1135 4685 quarto.
1180 4695 1184 4702 ν
