3625 5534
503 469 551 518 nn
569 471 650 520 nnc.
671 470 755 520 vno.
775 469 857 520 nac.
879 471 914 519 x.
937 471 969 520 u.
989 471 1035 520 vu.
1272 439 1348 521 119

217 667 392 742 unquam
411 670 528 746 usque
552 646 699 735 luerint,
728 644 807 719 sine
835 645 1091 720 controversia
1117 650 1347 741 superarunt.

215 773 347 849 Tales
382 782 468 848 sunt
511 771 737 860 adversarii,
784 772 880 847 tales
918 771 1045 846 hostes
1083 771 1211 862 nostri,
1249 793 1343 867 quos

220 895 456 990 Christiani,
494 898 578 972 dum
595 896 692 971 inter
711 918 752 971 se
781 896 1041 992 digladiantur,
1069 897 1107 971 in
1135 897 1238 972 sinus
1257 918 1346 971 suos

218 1024 428 1124 excipiunt,
447 1023 548 1100 etad
565 1022 745 1122 petendas
764 1023 928 1099 cervices
956 1022 1156 1099 admittunt.

691 1231 893 1242 ..0—-..-..

551 1416 728 1494 CAPVT
756 1417 1027 1510 QVARTVM.

287 1600 373 1696 Qua
390 1602 529 1676 ratione
557 1615 590 1675 ct
606 1623 677 1698 quo
690 1613 800 1698 pacto
826 1599 1068 1700 Transylvucc'
1092 1627 1116 1676 a
1138 1600 1292 1676 Tucciae

585 1725 743 1823 Imperio
765 1726 991 1802 darciacum.

337 1904 411 1984 Sed
428 1916 467 1983 nt
485 1906 560 1981 iam
578 1906 626 1982 ad
645 1906 779 1981 seriem
797 1906 916 2003 ipsius
942 1906 1121 1982 historiae
1141 1908 1345 2002 redeamus,

218 2037 419 2112 dicendum
435 2035 614 2133 imprimis
633 2034 794 2126 videtur,
811 2057 920 2131 quam
945 2035 992 2108 ob
1013 2056 1173 2126 causam,
1203 2044 1241 2111 et
1258 2060 1343 2135 quo·

218 2163 337 2240 modo
356 2162 607 2262 Transylvaui
626 2185 649 2236 a
667 2161 827 2237 Turcico
846 2160 1006 2257 Imperio
1025 2161 1094 2236 sub
1114 2161 1217 2237 cuius
1228 2163 1345 2239 tutela

220 2299 400 2392 pacatum
437 2289 543 2385 regni
562 2295 696 2364 statum
712 2289 829 2362 XXX
847 2288 994 2393 circiter
1014 2287 1120 2363 anuis
1139 2295 1342 2365 tenuerunt.

220 2415 462 2508 desciverint,
480 2421 517 2490 et
535 2414 769 2504 Moldaviam‚
787 2413 891 2490 iuxta
917 2437 962 2489 ac
980 2413 1277 2513 Transalpinam,
1297 2416 1345 2491 ab

220 2541 437 2620 obedientia
454 2541 616 2616 Turcica
634 2540 867 2616 abduxerint.
903 2541 1023 2638 Igitur
1050 2549 1245 2640 postquam
1271 2539 1344 2616 Ge-

219 2669 354 2766 orgius
373 2666 595 2760 Ravazdius,
629 2667 693 2765 qui
720 2665 906 2767 Principis
926 2669 1178 2766 Transylvani
1200 2669 1345 2746 nomine

219 2794 581 2893 Constantinopolim
600 2795 787 2894 profectus
805 2796 936 2888 fuerat,
954 2797 1100 2871 tandem
1118 2796 1203 2872 inde
1221 2820 1344 2874 rever-

216 2945 297 3010 sns,
324 2929 363 2997 et
390 2919 572 3018 Alibegus
600 2921 753 2996 eundem
780 2922 1019 3013 subsecutus,
1063 2923 1115 2997 nti
1143 2945 1256 3023 supra
1284 2924 1343 3000 de·

219 3055 465 3124 monstratum
483 3055 549 3140 est,
569 3048 721 3146 copiosa
739 3047 906 3136 oratione
926 3045 1099 3149 Principi,
1129 3056 1239 3148 atque
1259 3073 1344 3126 con-

219 3175 377 3252 siliariis
394 3174 667 3274 exposuissent,
687 3197 815 3250 omnes
834 3172 963 3250 Siuani
983 3184 1137 3253 conatus
1168 3176 1216 3252 ad
1243 3177 1340 3252 dele·

219 3302 358 3406 tionem
377 3301 720 3400 Transylvanorum
737 3303 887 3394 intendi,
905 3301 1074 3399 idemque
1094 3305 1344 3380 Barbarorum

219 3426 398 3519 nonnulli,
425 3449 518 3524 quos
545 3449 592 3502 ex
615 3427 747 3503 animis
764 3426 895 3503 fideles
913 3429 986 3502 iam
1004 3428 1146 3525 pridem
1166 3431 1345 3529 Transyl-

218 3554 328 3629 vanis
346 3553 465 3628 fuisse
497 3552 621 3628 multis
640 3555 868 3649 argumentis
883 3554 1067 3650 cognitum
1087 3563 1196 3632 antea
1216 3578 1343 3656 saepe·

220 3702 375 3758 numero
401 3679 480 3773 fuit,
508 3679 627 3755 literis
655 3680 903 3758 occultissime
931 3681 1038 3774 datis,
1068 3683 1116 3758 ad
1135 3682 1344 3783 Principem

219 3805 489 3884 instantissime
508 3806 805 3884 confirmassent:
825 3831 868 3884 rc
886 3831 1010 3884 secum
1030 3808 1101 3900 diu,
1121 3809 1344 3906 multumque

220 3933 440 4026 deliberata,
456 3955 536 4007 cum
556 3939 594 4007 et
613 3955 728 4025 suum,
748 3941 786 4010 et
804 3936 949 4033 patriae
968 3936 1169 4035 periculum
1188 3937 1342 4034 praelo·

221 4061 327 4136 ribus
345 4059 480 4136 adesse
499 4058 651 4153 videret,
680 4061 801 4159 eoepit
823 4063 970 4137 tandem
1000 4061 1179 4160 Princeps
1208 4061 1343 4136 a'l'nr·

219 4185 301 4262 cicc
320 4185 471 4263 loedere
489 4188 610 4284 magis
637 4194 749 4285 atque
767 4190 887 4286 magis
906 4188 1050 4264 alienus
1069 4208 1163 4264 esse.
1192 4186 1236 4262 Id
1257 4211 1337 4264 cnm

219 4313 278 4408 iis,
306 4337 399 4411 qnos
428 4315 476 4389 ob
505 4313 732 4412 singularem
758 4315 1000 4413 prudentiam,
1025 4339 1069 4391 ac
1087 4338 1208 4391 rerum
1234 4339 1343 4413 cxpe-

219 4440 387 4516 rientiam
407 4466 431 4516 a
448 4441 614 4518 consiliis
631 4443 806 4534 habebat,
825 4443 916 4519 data
934 4443 1127 4518 occasione
1154 4441 1343 4538 exposuis-

222 4574 293 4659 set,
311 4575 350 4642 et
368 4568 457 4664 qnid
474 4567 512 4641 in
529 4576 632 4646 tanto
651 4592 772 4646 rerum
792 4567 1002 4644 discrimine
1029 4569 1104 4644 iam
1130 4568 1229 4644 facto
1248 4589 1341 4667 opus

218 4702 331 4787 esset,
350 4715 432 4772 cum
450 4693 581 4772 iisdem
602 4717 716 4796 saepe
745 4703 820 4771 tam
847 4695 1031 4801 privatim,
1059 4717 1167 4797 quam
1195 4695 1342 4801 publice
1450 4775 1461 4794 ,
