3625 5534
451 395 501 472 72
840 414 890 464 10.
911 409 1012 464 nucu
1037 404 1187 492 eunoun

452 591 653 680 obsideret,
671 611 719 662 ex
738 610 783 662 ec
800 588 925 686 palam
940 586 1015 661 iam
1034 606 1075 658 se
1095 581 1336 692 ccguiturum,
1356 577 1463 651 fidem
1485 573 1581 650 an-

452 717 529 793 sari
548 715 709 790 debitam
728 736 810 787 eum
828 719 1002 786 mutasse.

905 970 1118 982 ...-..-———·-

786 1087 963 1198 canu
991 1118 1248 1214 cvuurvm

454 1303 517 1376 Dc
547 1313 659 1397 capta
687 1299 830 1395 Palaia,
860 1315 892 1374 et
923 1300 1079 1374 dimissis
1110 1302 1149 1372 in
1166 1297 1325 1396 bpberma
1353 1297 1467 1391 copiis
1491 1292 1527 1364 Τ
1524 1317 1587 1366 ar·
1719 1309 1720 1372 ἶ

776 1427 873 1518 eicis,
894 1451 940 1499 nc
963 1423 1273 1524 Tramplcanicis.

463 1690 466 1696 ,
562 1606 660 1680 Dum
687 1605 742 1679 ita
765 1601 1091 1679 'l'emesvariensis
1118 1604 1304 1694 fremeret,
1332 1599 1493 1676 Sinanus
1512 1600 1589 1674 iam
1719 1601 1720 1648 ἐ

454 1753 497 1806 rc
525 1730 573 1804 ad
600 1730 851 1827 Vesprimium
870 1750 1051 1826 prospere
1070 1735 1190 1824 gesta,
1208 1706 1595 1802 ductovictcreexerss

455 1853 531 1928 citu
558 1851 607 1927 ad
634 1851 826 1944 Palotam,
870 1874 917 1925 ea
966 1873 1110 1948 quoque
1138 1872 1225 1925 arce
1260 1875 1329 1949 per
1363 1851 1590 1927 deditionem
1719 1911 1720 1916 ,

456 1977 589 2068 (Petro
608 1972 810 2050 Ormannic
830 1982 916 2073 post
934 1973 1046 2048 tridui
1066 1975 1390 2071 oppugnationem,
1410 1975 1588 2074 despera
1719 2015 1720 2024 ,

454 2104 504 2179 tis
531 2099 681 2178 auxiliis
710 2119 791 2175 eam
820 2099 998 2190 dedente)
1028 2104 1227 2196 occupata,
1268 2101 1516 2200 impositoque
1557 2105 1591 2178 ei

455 2229 654 2329 praesidio,
674 2228 773 2326 quod
789 2227 945 2303 ulterius
965 2226 1154 2302 continere
1178 2228 1459 2303 tumultuantem
1488 2228 1590 2304 mili-

456 2363 530 2430 tem
550 2353 743 2430 incastris
772 2333 846 2427 ncn
873 2363 1013 2451 posset,
1043 2351 1138 2427 satis
1166 2374 1207 2427 se
1231 2353 1303 2427 hcc
1322 2376 1419 2429 anno
1438 2355 1488 2428 ad
1507 2355 1591 2430 inii-

457 2480 626 2555 ciendum
645 2477 817 2554 hostibus
835 2486 1018 2553 terrorem
1046 2477 1183 2552 fecisse
1210 2485 1325 2568 ratus,
1345 2478 1489 2584 lindam
1509 2502 1593 2555 vcr-

458 2627 524 2681 sus
543 2606 581 2680 iu
600 2627 750 2704 campos
769 2605 1038 2680 Kellienenses
1058 2605 1185 2702 copias
1213 2605 1425 2710 reduxerat.
1447 2606 1592 2682 Ferunt

458 2738 546 2830 post
583 2735 729 2829 captam
766 2729 937 2806 Palctam
975 2727 1112 2804 Sinauo
1149 2729 1186 2803 id
1223 2731 1333 2828 plane
1360 2733 1593 2831 propositum

458 2855 585 2948 fuisse,
616 2863 657 2931 ut
684 2854 813 2929 eodem
841 2854 931 2930 belli
951 2853 1111 2953 impetu,
1151 2854 1285 2929 'latam
1314 2878 1471 2954 quoque,
1496 2881 1593 2956 qnae

458 2983 532 3060 iam
551 3003 593 3057 se
612 2979 648 3055 ei
666 2976 809 3072 victori,
838 2985 877 3054 et
903 2986 945 3053 ut
971 2979 1029 3066 fit,
1070 3001 1218 3078 semper
1241 2982 1349 3076 plura
1386 2983 1592 3079 appetenti,

461 3107 653 3198 offerebat,
672 3104 935 3203 interciperet3
955 3129 1083 3180 verum
1102 3105 1250 3198 milites,
1271 3114 1309 3182 et
1325 3107 1496 3184 laborum
1510 3133 1595 3207 per·

462 3232 569 3324 taesi,
589 3239 626 3306 et
645 3231 753 3305 simul
772 3230 867 3305 coeli
876 3230 1093 3330 asperitate,
1109 3232 1307 3332 praecipiti
1315 3233 1390 3308 iam
1407 3241 1595 3327 autumno,

462 3359 511 3434 ab
530 3354 711 3460 eiusmodi
729 3354 880 3446 militia,
919 3377 1014 3453 quac
1043 3356 1097 3432 eis
1125 3363 1276 3455 praeter
1304 3382 1443 3435 morem
1466 3361 1595 3459 gentis

460 3481 529 3558 tali
547 3481 636 3556 anni
654 3488 820 3580 tempore
849 3481 1115 3578 imperabatur,
1139 3482 1319 3578 deterriti,
1347 3484 1447 3560 facto
1466 3487 1595 3582 globo,

464 3608 513 3684 all
529 3604 757 3706 praetorium
771 3604 901 3682 Siuaui
921 3607 1172 3692 convolantes,
1202 3630 1283 3683 cum
1302 3609 1402 3707 apud
1420 3631 1596 3688 severum
1671 3611 1676 3624 '

461 3733 645 3809 hominem
662 3733 790 3808 verbis
818 3755 949 3828 parum
977 3734 1209 3830 proficerent,
1238 3733 1462 3830 praemissis
1492 3735 1596 3812 illius

461 3857 695 3936 tabernaculi
712 3860 873 3953 funibus,
894 3861 965 3952 ita,
985 3868 1026 3934 ut
1053 3859 1329 3952 considerasse
1348 3861 1422 3936 iam
1442 3861 1594 3940 minime

462 3984 570 4062 dictis
598 3987 678 4062 eius
718 4010 765 4062 ea
792 3987 830 4062 in
858 4010 900 4061 re
930 3985 1122 4062 audientes
1150 3987 1230 4062 fore
1260 3987 1506 4062 declararunt
1537 3988 1597 4064 Ibi

468 4110 581 4207 igitur
609 4111 648 4185 in
676 4111 817 4209 campis
854 4107 1109 4204 Budeusibus,
1157 4134 1251 4188 cum·
1266 4119 1393 4187 castra
1425 4111 1594 4204 haberet,

463 4234 619 4312 nuncius
648 4235 833 4336 Principis
871 4259 955 4312 eum
1002 4237 1250 4329 conveniens,
1299 4236 1387 4332 quid
1424 4261 1448 4310 a
1475 4239 1596 4336 copiis

348 4437 358 4450 ,
464 4362 566 4452 eius,
605 4383 700 4458 quae
727 4360 766 4436 iu
793 4360 971 4436 limitibus
1000 4370 1136 4449 essent,
1163 4361 1227 4457 agi
1254 4361 1441 4458 placeret,
1480 4363 1531 4436 ab
1551 4383 1595 4436 ec

464 4487 719 4584 exspectabat.
758 4487 799 4563 Is
828 4510 919 4563 vero
949 4488 1029 4562 sive
1063 4488 1161 4585 quod
1188 4511 1270 4562 eam
1298 4485 1473 4583 gloriam,
1498 4509 1594 4582 quae

465 4631 548 4688 eum
567 4635 616 4688 ex
633 4611 681 4690 iis
701 4613 824 4709 rebus,
846 4635 938 4714 quas
958 4621 1033 4690 tam
1053 4613 1161 4689 brevi
1183 4620 1360 4720 tempore,
1389 4619 1493 4694 tanto
1513 4635 1594 4690 cum
