3625 5534
497 480 576 586 228
896 505 945 555 ro.
967 505 1068 558 onon
1086 505 1236 557 nanovn
1367 474 1398 504 ⁵

500 686 568 766 tes,
588 679 626 753 in
645 677 724 752 eius
734 678 833 752 arcis
844 681 1124 776 oppugnatione
1140 679 1330 777 perierint,
1341 676 1503 754 Barbari
1521 680 1613 754 inco·

491 805 608 879 lomes
625 802 863 878 dimittantur.
896 805 942 879 Id
960 827 1042 879 cum
1057 803 1246 901 Georgius
1267 805 1433 901 graviter
1451 807 1616 880 moleste-

496 952 567 1028 que
585 911 710 1021 ferret,
731 929 882 1021 veritus,
907 953 955 1004 ne
973 930 1123 1028 publica
1145 929 1239 1005 fides
1259 951 1384 1004 eorum
1411 930 1615 1004 temeritate

449 1071 453 1082 ·
492 1056 705 1150 laboraret,
745 1056 924 1153 gravibus
962 1079 1027 1131 eos
1066 1051 1120 1155 (ut
1156 1055 1236 1130 eius
1274 1057 1498 1132 consuetudo
1536 1049 1616 1150 lert)

494 1182 671 1258 conviciis
691 1207 714 1256 a
733 1189 864 1279 coepto
876 1182 1065 1257 deterrere
1087 1190 1322 1258 conatusest.
1343 1183 1406 1258 llli
1425 1180 1615 1257 vehemen-

494 1318 552 1386 ter
570 1306 778 1407 Oapitaneo
808 1310 949 1386 etaliis
968 1311 1015 1384 ob
1036 1309 1204 1386 convicia
1222 1310 1320 1398 irati,
1340 1332 1386 1385 ac
1405 1309 1487 1384 dira
1507 1297 1612 1406 qnae-

495 1458 565 1534 qne
584 1434 765 1511 Barbaria
784 1435 954 1528 minitati,
974 1437 1178 1511 abscedunt
1197 1437 1397 1511 confestim
1416 1458 1464 1510 ex
1485 1433 1615 1510 eastris

495 1559 543 1635 ad
561 1560 660 1636 mille
680 1561 912 1668 quingentos,
932 1561 1099 1658 viasque,
1119 1562 1252 1658 quibus
1261 1561 1442 1636 Barbaria
1462 1561 1534 1634 iter
1551 1584 1608 1634 ne·

492 1686 658 1762 cessario
687 1686 894 1762 faciendum
923 1696 1015 1778 erat,
1049 1686 1253 1762 clanculum
1274 1687 1456 1763 obsident.
1494 1683 1608 1761 Geor-

491 1813 586 1910 gius,
606 1813 730 1888 missis
749 1812 788 1886 in
806 1836 929 1887 arcem
946 1813 1133 1922 militibus,
1155 1813 1216 1910 qui
1234 1822 1364 1911 portas
1386 1792 1615 1911 occuparent,

491 1946 528 2014 et
565 1937 705 2013 vexilla
739 1937 924 2036 Principis
962 1940 1125 2015 turribus
1165 1940 1373 2037 ceterisque
1402 1938 1615 2015 editioribus

491 2064 584 2140 locis
615 2064 829 2161 affigerent,
860 2065 941 2162 ipso
971 2063 1029 2139 die
1058 2066 1233 2141 sabbathi
1261 2066 1422 2164 spatium
1440 2063 1615 2140 Barbarie

489 2191 667 2283 concedit,
682 2213 826 2289 quores
845 2214 933 2265 suas
955 2201 1349 2268 omnesconvasarent.
1371 2193 1611 2266 illucescente

490 2317 604 2413 igitur
624 2317 684 2391 die
704 2316 896 2410 dominico,
917 2317 978 2413 qui
997 2319 1127 2393 XXII.
1148 2318 1231 2394 Oct.
1251 2326 1342 2412 erat,
1362 2326 1400 2394 et
1418 2319 1560 2394 coactis
1576 2317 1612 2390 in

492 2467 616 2519 arcem
636 2443 708 2518 LX
728 2443 875 2518 circiter
894 2443 1085 2541 plaustris,
1107 2445 1268 2520 Barbari
1297 2467 1359 2519 res
1379 2466 1505 2519 omnes
1526 2464 1610 2517 snas

490 2567 771 2666 diligentissime
800 2569 978 2643 collectas
1002 2569 1171 2644 curribus
1190 2569 1391 2666 imponunt,
1411 2575 1449 2644 et
1467 2567 1610 2642 circiter

490 2691 619 2769 boram
638 2696 786 2769 tertiam
806 2694 1107 2792 pomeridianam,
1128 2718 1208 2772 cum
1227 2696 1356 2770 liberis
1377 2719 1421 2769 ac
1440 2693 1613 2768 uxoribus

492 2842 579 2896 arce
589 2818 838 2917 lacrymantes
850 2820 1042 2895 excedunt.
1064 2821 1223 2898 (lautum
1243 2828 1325 2896 erat
1344 2819 1611 2898 conditionibus

488 2945 696 3040 deditionis,
715 2970 762 3021 ne
781 2947 928 3023 'Furcae
957 2947 1041 3022 aliis
1052 2947 1231 3022 dedititiis
1251 2955 1501 3039 occurrerent,
1522 2967 1610 3018 neve

487 3073 632 3149 insidiis
651 3096 728 3167 cos,
748 3073 1009 3170 quiBarbaros
1030 3075 1078 3149 ad
1087 3097 1224 3174 pagum
1236 3073 1411 3149 Palelese
1422 3071 1607 3147 deducturi

489 3202 621 3296 forent,
641 3199 914 3297 interciperent.
935 3197 1011 3274 Sed
1030 3201 1132 3275 aiunt
1141 3200 1334 3276 Barbaros
1344 3199 1494 3275 violatis
1510 3197 1608 3272 hisce

487 3327 769 3422 conditionibus,
806 3328 902 3401 clam
938 3327 1142 3426 populares
1169 3350 1258 3403 suos
1278 3325 1609 3402 'lbmdsvarienses
1729 3338 1730 3417 p

488 3459 525 3526 et
544 3449 759 3552 Gyulenses
778 3453 977 3544 monuisse,
1004 3461 1045 3528 ut
1064 3453 1235 3550 quoniam
1262 3476 1354 3550 prae
1381 3450 1608 3528 multitudine

489 3569 705 3654 obsidentes
734 3579 891 3677 opprimi
922 3600 993 3652 non
1021 3587 1187 3677 possent,
1216 3603 1262 3654 en
1280 3578 1427 3653 insidiis
1447 3601 1524 3669 eos,
1551 3573 1608 3671 qui

484 3727 527 3780 se
545 3705 735 3782 deducturi
761 3706 892 3796 forent,
920 3706 970 3781 ad
999 3730 1136 3805 pagum
1168 3706 1340 3782 Palelese
1367 3705 1607 3784 adorirentur.

488 3836 534 3912 Id
563 3835 711 3910 Turcac
749 3833 960 3926 executuri,
1000 3854 1135 3928 magno
1163 3855 1312 3908 numero
1341 3831 1608 3909 Tdmdsvarnm

486 3965 744 4052 convenerant,
764 3966 802 4034 et
820 3981 865 4032 ex
885 3958 1088 4056 composito
1109 3958 1158 4032 ad
1167 3958 1286 4033 vicum
1306 3959 1407 4035 illum
1435 3947 1610 4035 dedititiis

488 4107 682 4161 occurrere
702 4090 918 4159 statuerant.
947 4082 1111 4159 Innotuit
1139 4104 1184 4156 ea
1211 4083 1316 4157 fraus
1334 4082 1474 4157 nostris
1493 4083 1609 4159 militi·

484 4209 566 4306 bus,
585 4220 623 4286 et
633 4231 712 4286 cum
724 4209 915 4284 Barbaros
924 4209 962 4302 ii,
982 4208 1043 4306 qni
1064 4207 1307 4301 deducebant,
1325 4209 1608 4304 interrogarent,

485 4336 783 4415 curviolatofide
802 4358 890 4413 suos
901 4335 1145 4412 excivissent:
1165 4335 1446 4435 responderunt,
1456 4336 1531 4412 sibi
1549 4335 1608 4411 ad·

484 4469 632 4540 ventum
651 4484 800 4552 suorum
817 4463 1052 4562 popularium
1066 4483 1298 4560 nequaquam
1308 4462 1533 4538 constitisse.
1552 4463 1606 4537 lta

483 4599 722 4688 postquama
750 4589 928 4666 militibus
957 4589 1115 4681 deducti,
1144 4595 1181 4663 et
1200 4589 1442 4686 nequicquam
1480 4597 1607 4664 contra

483 4715 639 4791 hostiles
657 4713 818 4813 peditum
829 4716 988 4815 impetus
996 4713 1138 4789 defensi
1148 4712 1317 4806 fuissent,
1338 4712 1480 4790 duobus
1491 4714 1604 4809 Bagis
1729 4712 1730 4795 3
