<?xml version="1.0" encoding="UTF-8"?>
<!DOCTYPE html PUBLIC "-//W3C//DTD XHTML 1.0 Transitional//EN"
    "http://www.w3.org/TR/xhtml1/DTD/xhtml1-transitional.dtd">
<html xmlns="http://www.w3.org/1999/xhtml" xml:lang="en" lang="en">
 <head>
  <title>
</title>
<meta http-equiv="Content-Type" content="text/html;charset=utf-8" />
  <meta name='ocr-system' content='tesseract 3.04.00' />
  <meta name='ocr-capabilities' content='ocr_page ocr_carea ocr_par ocr_line ocrx_word'/>
</head>
<body>
  <div class='ocr_page' id='page_1' title='image "./magyarhistorija00decsgoog_0285.png"; bbox 0 0 3625 5534; ppageno 0'>
   <div class='ocr_carea' id='block_1_1' title="bbox 489 522 1327 602">
    <p class='ocr_par' dir='ltr' id='par_1_1' title="bbox 489 522 1327 602">
     <span class='ocr_line' id='line_1_1' title="bbox 489 522 1327 602; baseline 0.006 -6"><span class='ocrx_word' id='word_1_1' title='bbox 489 547 537 596; x_wconf 86' lang='lat' dir='ltr'><strong>ns</strong></span> <span class='ocrx_word' id='word_1_2' title='bbox 556 546 637 597; x_wconf 85' lang='lat' dir='ltr'><strong>nnn.</strong></span> <span class='ocrx_word' id='word_1_3' title='bbox 664 547 747 597; x_wconf 83' lang='lat' dir='ltr'><strong>vno.</strong></span> <span class='ocrx_word' id='word_1_4' title='bbox 769 547 852 598; x_wconf 87' lang='lat' dir='ltr'><strong>nno.</strong></span> <span class='ocrx_word' id='word_1_5' title='bbox 874 547 1031 599; x_wconf 75' lang='lat' dir='ltr'><strong>x.n.1x,</strong></span> <span class='ocrx_word' id='word_1_6' title='bbox 1249 522 1327 602; x_wconf 84' lang='lat'><strong>195</strong></span> 
     </span>
    </p>
   </div>
   <div class='ocr_carea' id='block_1_2' title="bbox 188 720 1405 4930">
    <p class='ocr_par' dir='ltr' id='par_1_2' title="bbox 188 720 1405 4930">
     <span class='ocr_line' id='line_1_2' title="bbox 193 720 1327 817; baseline 0.004 -23"><span class='ocrx_word' id='word_1_7' title='bbox 193 729 276 794; x_wconf 91' lang='lat' dir='ltr'><strong>tem</strong></span> <span class='ocrx_word' id='word_1_8' title='bbox 296 720 335 794; x_wconf 92' lang='lat' dir='ltr'><strong>in</strong></span> <span class='ocrx_word' id='word_1_9' title='bbox 354 725 480 796; x_wconf 87' lang='lat' dir='ltr'><strong>cestra</strong></span> <span class='ocrx_word' id='word_1_10' title='bbox 499 720 833 817; x_wconf 86' lang='lat' dir='ltr'><strong>usquecaeciderit.</strong></span> <span class='ocrx_word' id='word_1_11' title='bbox 855 721 929 796; x_wconf 91' lang='lat' dir='ltr'><strong>Hic</strong></span> <span class='ocrx_word' id='word_1_12' title='bbox 938 745 1026 800; x_wconf 90' lang='lat' dir='ltr'><strong>vero</strong></span> <span class='ocrx_word' id='word_1_13' title='bbox 1039 747 1061 799; x_wconf 89' lang='lat' dir='ltr'><strong>a</strong></span> <span class='ocrx_word' id='word_1_14' title='bbox 1075 723 1215 799; x_wconf 92' lang='lat' dir='ltr'><strong>uostris</strong></span> <span class='ocrx_word' id='word_1_15' title='bbox 1227 745 1327 799; x_wconf 93' lang='lat' dir='ltr'><strong>erro·</strong></span> 
     </span>
     <span class='ocr_line' id='line_1_3' title="bbox 188 846 1322 946; baseline 0.007 -26"><span class='ocrx_word' id='word_1_16' title='bbox 188 869 287 922; x_wconf 91' lang='lat' dir='ltr'><strong>rene</strong></span> <span class='ocrx_word' id='word_1_17' title='bbox 317 869 363 920; x_wconf 88' lang='lat' dir='ltr'><strong>an</strong></span> <span class='ocrx_word' id='word_1_18' title='bbox 382 846 590 921; x_wconf 76' lang='lat' dir='ltr'><strong>temeritate</strong></span> <span class='ocrx_word' id='word_1_19' title='bbox 617 846 784 922; x_wconf 89' lang='lat' dir='ltr'><strong>nonnihil</strong></span> <span class='ocrx_word' id='word_1_20' title='bbox 811 855 1002 946; x_wconf 89' lang='lat' dir='ltr'><strong>peccatum</strong></span> <span class='ocrx_word' id='word_1_21' title='bbox 1031 849 1147 924; x_wconf 88' lang='lat' dir='ltr'><strong>fuisse</strong></span> <span class='ocrx_word' id='word_1_22' title='bbox 1167 858 1322 928; x_wconf 88' lang='lat' dir='ltr'><strong>eventus</strong></span> 
     </span>
     <span class='ocr_line' id='line_1_4' title="bbox 190 971 1327 1072; baseline 0.009 -29"><span class='ocrx_word' id='word_1_23' title='bbox 190 971 282 1068; x_wconf 91' lang='lat' dir='ltr'><strong>ipse</strong></span> <span class='ocrx_word' id='word_1_24' title='bbox 303 972 475 1047; x_wconf 90' lang='lat' dir='ltr'><strong>ostendit.</strong></span> <span class='ocrx_word' id='word_1_25' title='bbox 497 973 593 1047; x_wconf 87' lang='lat' dir='ltr'><strong>Nam</strong></span> <span class='ocrx_word' id='word_1_26' title='bbox 613 996 693 1048; x_wconf 89' lang='lat' dir='ltr'><strong>cum</strong></span> <span class='ocrx_word' id='word_1_27' title='bbox 712 973 807 1049; x_wconf 91' lang='lat' dir='ltr'><strong>fusis</strong></span> <span class='ocrx_word' id='word_1_28' title='bbox 825 974 1041 1072; x_wconf 82' lang='lat' dir='ltr'><strong>fugatisque</strong></span> <span class='ocrx_word' id='word_1_29' title='bbox 1060 975 1109 1050; x_wconf 89' lang='lat' dir='ltr'><strong>ad</strong></span> <span class='ocrx_word' id='word_1_30' title='bbox 1128 997 1217 1052; x_wconf 91' lang='lat' dir='ltr'><strong>suos</strong></span> <span class='ocrx_word' id='word_1_31' title='bbox 1244 977 1327 1053; x_wconf 89' lang='lat' dir='ltr'><strong>bos·</strong></span> 
     </span>
     <span class='ocr_line' id='line_1_5' title="bbox 191 1096 1405 1199; baseline 0.007 -29"><span class='ocrx_word' id='word_1_32' title='bbox 191 1096 312 1171; x_wconf 91' lang='lat' dir='ltr'><strong>tibus.</strong></span> <span class='ocrx_word' id='word_1_33' title='bbox 331 1098 408 1172; x_wconf 95' lang='lat' dir='ltr'><strong>voti</strong></span> <span class='ocrx_word' id='word_1_34' title='bbox 435 1097 493 1173; x_wconf 90' lang='lat' dir='ltr'><strong>sni</strong></span> <span class='ocrx_word' id='word_1_35' title='bbox 522 1107 709 1196; x_wconf 92' lang='lat' dir='ltr'><strong>compotes</strong></span> <span class='ocrx_word' id='word_1_36' title='bbox 748 1099 838 1174; x_wconf 90' lang='lat' dir='ltr'><strong>facti</strong></span> <span class='ocrx_word' id='word_1_37' title='bbox 866 1107 967 1175; x_wconf 88' lang='lat' dir='ltr'><strong>retro</strong></span> <span class='ocrx_word' id='word_1_38' title='bbox 997 1100 1191 1176; x_wconf 78' lang='lat' dir='ltr'><strong>confestim</strong></span> <span class='ocrx_word' id='word_1_39' title='bbox 1218 1103 1327 1199; x_wconf 89' lang='lat' dir='ltr'><strong>sigua</strong></span> <span class='ocrx_word' id='word_1_40' title='bbox 1398 1123 1405 1144; x_wconf 77' lang='lat'><em>¹</em></span> 
     </span>
     <span class='ocr_line' id='line_1_6' title="bbox 193 1221 1325 1322; baseline 0.005 -26"><span class='ocrx_word' id='word_1_41' title='bbox 193 1221 345 1296; x_wconf 89' lang='lat' dir='ltr'><strong>referre</strong></span> <span class='ocrx_word' id='word_1_42' title='bbox 366 1221 578 1299; x_wconf 87' lang='lat' dir='ltr'><strong>debuerint:</strong></span> <span class='ocrx_word' id='word_1_43' title='bbox 612 1224 684 1321; x_wconf 91' lang='lat' dir='ltr'><strong>ipsi</strong></span> <span class='ocrx_word' id='word_1_44' title='bbox 711 1231 995 1322; x_wconf 86' lang='lat' dir='ltr'><strong>praeceptorum</strong></span> <span class='ocrx_word' id='word_1_45' title='bbox 1023 1225 1177 1302; x_wconf 86' lang='lat' dir='ltr'><strong>militiae</strong></span> <span class='ocrx_word' id='word_1_46' title='bbox 1206 1227 1325 1314; x_wconf 80' lang='lat' dir='ltr'><strong>obliti,</strong></span> 
     </span>
     <span class='ocr_line' id='line_1_7' title="bbox 192 1345 1326 1444; baseline 0.004 -22"><span class='ocrx_word' id='word_1_47' title='bbox 192 1345 342 1422; x_wconf 84' lang='lat' dir='ltr'><strong>tamdiu</strong></span> <span class='ocrx_word' id='word_1_48' title='bbox 368 1369 436 1444; x_wconf 93' lang='lat' dir='ltr'><strong>pro</strong></span> <span class='ocrx_word' id='word_1_49' title='bbox 466 1348 600 1423; x_wconf 88' lang='lat' dir='ltr'><strong>castris</strong></span> <span class='ocrx_word' id='word_1_50' title='bbox 628 1348 878 1424; x_wconf 88' lang='lat' dir='ltr'><strong>Barbarorum</strong></span> <span class='ocrx_word' id='word_1_51' title='bbox 918 1349 1180 1442; x_wconf 88' lang='lat' dir='ltr'><strong>substiterunt,</strong></span> <span class='ocrx_word' id='word_1_52' title='bbox 1209 1352 1326 1428; x_wconf 90' lang='lat' dir='ltr'><strong>donec</strong></span> 
     </span>
     <span class='ocr_line' id='line_1_8' title="bbox 192 1470 1325 1568; baseline 0.004 -24"><span class='ocrx_word' id='word_1_53' title='bbox 192 1470 362 1568; x_wconf 88' lang='lat' dir='ltr'><strong>spatium</strong></span> <span class='ocrx_word' id='word_1_54' title='bbox 381 1471 459 1546; x_wconf 90' lang='lat' dir='ltr'><strong>illis</strong></span> <span class='ocrx_word' id='word_1_55' title='bbox 478 1473 574 1549; x_wconf 90' lang='lat' dir='ltr'><strong>iusto</strong></span> <span class='ocrx_word' id='word_1_56' title='bbox 595 1473 760 1549; x_wconf 85' lang='lat' dir='ltr'><strong>exercitu</strong></span> <span class='ocrx_word' id='word_1_57' title='bbox 780 1482 970 1548; x_wconf 81' lang='lat' dir='ltr'><strong>contrusa</strong></span> <span class='ocrx_word' id='word_1_58' title='bbox 990 1475 1161 1550; x_wconf 89' lang='lat' dir='ltr'><strong>veniendi</strong></span> <span class='ocrx_word' id='word_1_59' title='bbox 1182 1475 1325 1552; x_wconf 79' lang='lat' dir='ltr'><strong>darent.</strong></span> 
     </span>
     <span class='ocr_line' id='line_1_9' title="bbox 194 1595 1326 1696; baseline 0.006 -26"><span class='ocrx_word' id='word_1_60' title='bbox 194 1595 255 1670; x_wconf 82' lang='lat' dir='ltr'><strong>Eo</strong></span> <span class='ocrx_word' id='word_1_61' title='bbox 287 1596 426 1672; x_wconf 87' lang='lat' dir='ltr'><strong>factum</strong></span> <span class='ocrx_word' id='word_1_62' title='bbox 454 1607 530 1690; x_wconf 90' lang='lat' dir='ltr'><strong>est,</strong></span> <span class='ocrx_word' id='word_1_63' title='bbox 559 1607 599 1675; x_wconf 90' lang='lat' dir='ltr'><strong>ut</strong></span> <span class='ocrx_word' id='word_1_64' title='bbox 627 1599 775 1674; x_wconf 88' lang='lat' dir='ltr'><strong>amissis</strong></span> <span class='ocrx_word' id='word_1_65' title='bbox 796 1598 1073 1696; x_wconf 76' lang='lat' dir='ltr'><strong>vulneratisque</strong></span> <span class='ocrx_word' id='word_1_66' title='bbox 1094 1624 1241 1677; x_wconf 90' lang='lat' dir='ltr'><strong>suorum</strong></span> <span class='ocrx_word' id='word_1_67' title='bbox 1264 1602 1326 1676; x_wconf 89' lang='lat' dir='ltr'><strong>du·</strong></span> 
     </span>
     <span class='ocr_line' id='line_1_10' title="bbox 194 1721 1327 1823; baseline 0.005 -29"><span class='ocrx_word' id='word_1_68' title='bbox 194 1721 333 1816; x_wconf 89' lang='lat' dir='ltr'><strong>centis,</strong></span> <span class='ocrx_word' id='word_1_69' title='bbox 351 1723 477 1818; x_wconf 85' lang='lat' dir='ltr'><strong>fugam</strong></span> <span class='ocrx_word' id='word_1_70' title='bbox 498 1723 545 1798; x_wconf 87' lang='lat' dir='ltr'><strong>ad</strong></span> <span class='ocrx_word' id='word_1_71' title='bbox 564 1745 654 1799; x_wconf 88' lang='lat' dir='ltr'><strong>suos</strong></span> <span class='ocrx_word' id='word_1_72' title='bbox 683 1723 915 1823; x_wconf 83' lang='lat' dir='ltr'><strong>arripuerint.</strong></span> <span class='ocrx_word' id='word_1_73' title='bbox 936 1723 1081 1815; x_wconf 80' lang='lat' dir='ltr'><strong>Quibus</strong></span> <span class='ocrx_word' id='word_1_74' title='bbox 1100 1733 1224 1801; x_wconf 89' lang='lat' dir='ltr'><strong>tamen</strong></span> <span class='ocrx_word' id='word_1_75' title='bbox 1246 1749 1327 1802; x_wconf 94' lang='lat' dir='ltr'><strong>cum</strong></span> 
     </span>
     <span class='ocr_line' id='line_1_11' title="bbox 193 1847 1326 1946; baseline 0.005 -26"><span class='ocrx_word' id='word_1_76' title='bbox 193 1847 450 1924; x_wconf 89' lang='lat' dir='ltr'><strong>Mansfeldius</strong></span> <span class='ocrx_word' id='word_1_77' title='bbox 469 1849 619 1925; x_wconf 84' lang='lat' dir='ltr'><strong>excelso</strong></span> <span class='ocrx_word' id='word_1_78' title='bbox 639 1850 760 1925; x_wconf 90' lang='lat' dir='ltr'><strong>animo</strong></span> <span class='ocrx_word' id='word_1_79' title='bbox 780 1851 1014 1939; x_wconf 90' lang='lat' dir='ltr'><strong>occurrisset,</strong></span> <span class='ocrx_word' id='word_1_80' title='bbox 1034 1858 1071 1924; x_wconf 92' lang='lat' dir='ltr'><strong>et</strong></span> <span class='ocrx_word' id='word_1_81' title='bbox 1094 1873 1162 1946; x_wconf 88' lang='lat' dir='ltr'><strong>pro</strong></span> <span class='ocrx_word' id='word_1_82' title='bbox 1192 1853 1326 1928; x_wconf 88' lang='lat' dir='ltr'><strong>castris</strong></span> 
     </span>
     <span class='ocr_line' id='line_1_12' title="bbox 194 1957 1331 2074; baseline 0.006 -29"><span class='ocrx_word' id='word_1_83' title='bbox 194 1994 266 2047; x_wconf 91' lang='lat' dir='ltr'><strong>eos</strong></span> <span class='ocrx_word' id='word_1_84' title='bbox 279 1957 485 2051; x_wconf 78' lang='lat' dir='ltr'><strong>consistere</strong></span> <span class='ocrx_word' id='word_1_85' title='bbox 495 1975 681 2068; x_wconf 89' lang='lat' dir='ltr'><strong>iussisset,</strong></span> <span class='ocrx_word' id='word_1_86' title='bbox 693 1976 842 2051; x_wconf 84' lang='lat' dir='ltr'><strong>Turcae</strong></span> <span class='ocrx_word' id='word_1_87' title='bbox 852 1978 980 2071; x_wconf 87' lang='lat' dir='ltr'><strong>fugam</strong></span> <span class='ocrx_word' id='word_1_88' title='bbox 990 1975 1331 2074; x_wconf 89' lang='lat' dir='ltr'><strong>illam,paucorum·</strong></span> 
     </span>
     <span class='ocr_line' id='line_1_13' title="bbox 195 2098 1327 2199; baseline 0 -25"><span class='ocrx_word' id='word_1_89' title='bbox 195 2121 276 2196; x_wconf 91' lang='lat' dir='ltr'><strong>que</strong></span> <span class='ocrx_word' id='word_1_90' title='bbox 297 2098 440 2175; x_wconf 83' lang='lat' dir='ltr'><strong>cladem</strong></span> <span class='ocrx_word' id='word_1_91' title='bbox 459 2121 527 2198; x_wconf 89' lang='lat' dir='ltr'><strong>pro</strong></span> <span class='ocrx_word' id='word_1_92' title='bbox 547 2100 705 2176; x_wconf 91' lang='lat' dir='ltr'><strong>victoria</strong></span> <span class='ocrx_word' id='word_1_93' title='bbox 721 2101 968 2199; x_wconf 86' lang='lat' dir='ltr'><strong>interpretati,</strong></span> <span class='ocrx_word' id='word_1_94' title='bbox 988 2100 1327 2198; x_wconf 80' lang='lat' dir='ltr'><strong>advesperascente</strong></span> 
     </span>
     <span class='ocr_line' id='line_1_14' title="bbox 194 2222 1327 2301; baseline 0.004 -6"><span class='ocrx_word' id='word_1_95' title='bbox 194 2222 277 2298; x_wconf 86' lang='lat' dir='ltr'><strong>iam</strong></span> <span class='ocrx_word' id='word_1_96' title='bbox 305 2223 366 2298; x_wconf 91' lang='lat' dir='ltr'><strong>die</strong></span> <span class='ocrx_word' id='word_1_97' title='bbox 395 2224 443 2300; x_wconf 90' lang='lat' dir='ltr'><strong>ad</strong></span> <span class='ocrx_word' id='word_1_98' title='bbox 472 2247 560 2300; x_wconf 91' lang='lat' dir='ltr'><strong>suos</strong></span> <span class='ocrx_word' id='word_1_99' title='bbox 588 2224 786 2301; x_wconf 89' lang='lat' dir='ltr'><strong>redierunt.</strong></span> <span class='ocrx_word' id='word_1_100' title='bbox 816 2224 975 2301; x_wconf 93' lang='lat' dir='ltr'><strong>Postero</strong></span> <span class='ocrx_word' id='word_1_101' title='bbox 1004 2224 1063 2299; x_wconf 94' lang='lat' dir='ltr'><strong>die</strong></span> <span class='ocrx_word' id='word_1_102' title='bbox 1092 2249 1139 2300; x_wconf 85' lang='lat' dir='ltr'><strong>ex</strong></span> <span class='ocrx_word' id='word_1_103' title='bbox 1158 2226 1327 2301; x_wconf 93' lang='lat' dir='ltr'><strong>omnibus</strong></span> 
     </span>
     <span class='ocr_line' id='line_1_15' title="bbox 196 2345 1328 2447; baseline 0.002 -24"><span class='ocrx_word' id='word_1_104' title='bbox 196 2345 376 2447; x_wconf 87' lang='lat' dir='ltr'><strong>partibus</strong></span> <span class='ocrx_word' id='word_1_105' title='bbox 394 2348 431 2422; x_wconf 93' lang='lat' dir='ltr'><strong>in</strong></span> <span class='ocrx_word' id='word_1_106' title='bbox 451 2357 689 2446; x_wconf 89' lang='lat' dir='ltr'><strong>conspectum</strong></span> <span class='ocrx_word' id='word_1_107' title='bbox 709 2372 750 2424; x_wconf 93' lang='lat' dir='ltr'><strong>se</strong></span> <span class='ocrx_word' id='word_1_108' title='bbox 774 2371 904 2425; x_wconf 88' lang='lat' dir='ltr'><strong>rursus</strong></span> <span class='ocrx_word' id='word_1_109' title='bbox 925 2349 1087 2424; x_wconf 89' lang='lat' dir='ltr'><strong>Barbari</strong></span> <span class='ocrx_word' id='word_1_110' title='bbox 1116 2349 1261 2440; x_wconf 77' lang='lat' dir='ltr'><strong>dedere,</strong></span> <span class='ocrx_word' id='word_1_111' title='bbox 1291 2359 1328 2425; x_wconf 90' lang='lat' dir='ltr'><strong>et</strong></span> 
     </span>
     <span class='ocr_line' id='line_1_16' title="bbox 195 2468 1321 2571; baseline 0.002 -24"><span class='ocrx_word' id='word_1_112' title='bbox 195 2468 543 2550; x_wconf 86' lang='lat' dir='ltr'><strong>montemaOarolo</strong></span> <span class='ocrx_word' id='word_1_113' title='bbox 554 2473 692 2570; x_wconf 88' lang='lat' dir='ltr'><strong>Magno</strong></span> <span class='ocrx_word' id='word_1_114' title='bbox 713 2473 951 2570; x_wconf 90' lang='lat' dir='ltr'><strong>appellatum,</strong></span> <span class='ocrx_word' id='word_1_115' title='bbox 978 2497 1086 2571; x_wconf 91' lang='lat' dir='ltr'><strong>quem</strong></span> <span class='ocrx_word' id='word_1_116' title='bbox 1106 2475 1225 2549; x_wconf 90' lang='lat' dir='ltr'><strong>nostri</strong></span> <span class='ocrx_word' id='word_1_117' title='bbox 1244 2476 1321 2549; x_wconf 90' lang='lat' dir='ltr'><strong>val-</strong></span> 
     </span>
     <span class='ocr_line' id='line_1_17' title="bbox 194 2597 1321 2697; baseline 0.003 -26"><span class='ocrx_word' id='word_1_118' title='bbox 194 2597 234 2672; x_wconf 93' lang='lat' dir='ltr'><strong>lo</strong></span> <span class='ocrx_word' id='word_1_119' title='bbox 256 2597 537 2697; x_wconf 84' lang='lat' dir='ltr'><strong>aggeribusque</strong></span> <span class='ocrx_word' id='word_1_120' title='bbox 555 2601 731 2675; x_wconf 91' lang='lat' dir='ltr'><strong>munitum</strong></span> <span class='ocrx_word' id='word_1_121' title='bbox 748 2601 787 2674; x_wconf 95' lang='lat' dir='ltr'><strong>in</strong></span> <span class='ocrx_word' id='word_1_122' title='bbox 805 2601 951 2676; x_wconf 90' lang='lat' dir='ltr'><strong>futuros</strong></span> <span class='ocrx_word' id='word_1_123' title='bbox 970 2598 1243 2697; x_wconf 86' lang='lat' dir='ltr'><strong>oppugnandae</strong></span> <span class='ocrx_word' id='word_1_124' title='bbox 1262 2624 1321 2675; x_wconf 92' lang='lat' dir='ltr'><strong>ur-</strong></span> 
     </span>
     <span class='ocr_line' id='line_1_18' title="bbox 198 2724 1328 2824; baseline 0.003 -26"><span class='ocrx_word' id='word_1_125' title='bbox 198 2725 262 2798; x_wconf 88' lang='lat' dir='ltr'><strong>bis</strong></span> <span class='ocrx_word' id='word_1_126' title='bbox 293 2745 383 2800; x_wconf 89' lang='lat' dir='ltr'><strong>usus</strong></span> <span class='ocrx_word' id='word_1_127' title='bbox 412 2734 690 2824; x_wconf 83' lang='lat' dir='ltr'><strong>occupaverant,</strong></span> <span class='ocrx_word' id='word_1_128' title='bbox 720 2749 854 2822; x_wconf 89' lang='lat' dir='ltr'><strong>magno</strong></span> <span class='ocrx_word' id='word_1_129' title='bbox 874 2748 957 2811; x_wconf 87' lang='lat' dir='ltr'><strong>cum</strong></span> <span class='ocrx_word' id='word_1_130' title='bbox 985 2724 1124 2823; x_wconf 92' lang='lat' dir='ltr'><strong>impetu</strong></span> <span class='ocrx_word' id='word_1_131' title='bbox 1151 2727 1328 2823; x_wconf 86' lang='lat' dir='ltr'><strong>petivere,</strong></span> 
     </span>
     <span class='ocr_line' id='line_1_19' title="bbox 199 2849 1329 2950; baseline 0 -25"><span class='ocrx_word' id='word_1_132' title='bbox 199 2849 273 2925; x_wconf 90' lang='lat' dir='ltr'><strong>sed</strong></span> <span class='ocrx_word' id='word_1_133' title='bbox 311 2849 456 2926; x_wconf 83' lang='lat' dir='ltr'><strong>fortiter</strong></span> <span class='ocrx_word' id='word_1_134' title='bbox 492 2877 516 2926; x_wconf 87' lang='lat' dir='ltr'><strong>a</strong></span> <span class='ocrx_word' id='word_1_135' title='bbox 552 2852 691 2926; x_wconf 87' lang='lat' dir='ltr'><strong>nostris</strong></span> <span class='ocrx_word' id='word_1_136' title='bbox 729 2852 870 2950; x_wconf 90' lang='lat' dir='ltr'><strong>repulsi</strong></span> <span class='ocrx_word' id='word_1_137' title='bbox 908 2853 1023 2927; x_wconf 90' lang='lat' dir='ltr'><strong>fuere.</strong></span> <span class='ocrx_word' id='word_1_138' title='bbox 1062 2852 1329 2928; x_wconf 83' lang='lat' dir='ltr'><strong>Verumtamen</strong></span> 
     </span>
     <span class='ocr_line' id='line_1_20' title="bbox 200 2974 1329 3073; baseline 0.002 -24"><span class='ocrx_word' id='word_1_139' title='bbox 200 2974 453 3052; x_wconf 88' lang='lat' dir='ltr'><strong>Mansfeldius</strong></span> <span class='ocrx_word' id='word_1_140' title='bbox 491 2979 637 3073; x_wconf 85' lang='lat' dir='ltr'><strong>cognito</strong></span> <span class='ocrx_word' id='word_1_141' title='bbox 666 3001 838 3073; x_wconf 87' lang='lat' dir='ltr'><strong>magnam</strong></span> <span class='ocrx_word' id='word_1_142' title='bbox 867 2977 1008 3051; x_wconf 90' lang='lat' dir='ltr'><strong>nostris</strong></span> <span class='ocrx_word' id='word_1_143' title='bbox 1037 2984 1203 3070; x_wconf 85' lang='lat' dir='ltr'><strong>stragem</strong></span> <span class='ocrx_word' id='word_1_144' title='bbox 1230 2977 1329 3051; x_wconf 91' lang='lat' dir='ltr'><strong>bom·</strong></span> 
     </span>
     <span class='ocr_line' id='line_1_21' title="bbox 201 3099 1332 3198; baseline 0 -24"><span class='ocrx_word' id='word_1_145' title='bbox 201 3099 338 3175; x_wconf 87' lang='lat' dir='ltr'><strong>bardis</strong></span> <span class='ocrx_word' id='word_1_146' title='bbox 366 3101 505 3195; x_wconf 88' lang='lat' dir='ltr'><strong>inferri,</strong></span> <span class='ocrx_word' id='word_1_147' title='bbox 533 3103 725 3178; x_wconf 90' lang='lat' dir='ltr'><strong>instructis</strong></span> <span class='ocrx_word' id='word_1_148' title='bbox 745 3104 939 3178; x_wconf 82' lang='lat' dir='ltr'><strong>confestim</strong></span> <span class='ocrx_word' id='word_1_149' title='bbox 970 3110 1127 3198; x_wconf 89' lang='lat' dir='ltr'><strong>quatuor</strong></span> <span class='ocrx_word' id='word_1_150' title='bbox 1156 3100 1332 3197; x_wconf 90' lang='lat' dir='ltr'><strong>equitum,</strong></span> 
     </span>
     <span class='ocr_line' id='line_1_22' title="bbox 201 3226 1330 3326; baseline 0 -26"><span class='ocrx_word' id='word_1_151' title='bbox 201 3226 352 3302; x_wconf 91' lang='lat' dir='ltr'><strong>duobus</strong></span> <span class='ocrx_word' id='word_1_152' title='bbox 379 3228 543 3326; x_wconf 90' lang='lat' dir='ltr'><strong>peditum</strong></span> <span class='ocrx_word' id='word_1_153' title='bbox 571 3229 744 3322; x_wconf 91' lang='lat' dir='ltr'><strong>millibus,</strong></span> <span class='ocrx_word' id='word_1_154' title='bbox 773 3229 941 3304; x_wconf 89' lang='lat' dir='ltr'><strong>subsidio</strong></span> <span class='ocrx_word' id='word_1_155' title='bbox 969 3227 1109 3301; x_wconf 88' lang='lat' dir='ltr'><strong>nostris</strong></span> <span class='ocrx_word' id='word_1_156' title='bbox 1129 3226 1330 3302; x_wconf 88' lang='lat' dir='ltr'><strong>laboranti-</strong></span> 
     </span>
     <span class='ocr_line' id='line_1_23' title="bbox 205 3351 1332 3450; baseline -0.004 -21"><span class='ocrx_word' id='word_1_157' title='bbox 205 3354 282 3429; x_wconf 88' lang='lat' dir='ltr'><strong>bus</strong></span> <span class='ocrx_word' id='word_1_158' title='bbox 298 3353 468 3445; x_wconf 89' lang='lat' dir='ltr'><strong>ocourrit,</strong></span> <span class='ocrx_word' id='word_1_159' title='bbox 487 3353 654 3450; x_wconf 82' lang='lat' dir='ltr'><strong>fusisque</strong></span> <span class='ocrx_word' id='word_1_160' title='bbox 665 3375 709 3428; x_wconf 89' lang='lat' dir='ltr'><strong>ac</strong></span> <span class='ocrx_word' id='word_1_161' title='bbox 719 3354 859 3448; x_wconf 89' lang='lat' dir='ltr'><strong>fugatis</strong></span> <span class='ocrx_word' id='word_1_162' title='bbox 869 3352 1040 3428; x_wconf 91' lang='lat' dir='ltr'><strong>hostibus</strong></span> <span class='ocrx_word' id='word_1_163' title='bbox 1050 3351 1332 3427; x_wconf 86' lang='lat' dir='ltr'><strong>castratandem</strong></span> 
     </span>
     <span class='ocr_line' id='line_1_24' title="bbox 202 3477 1330 3577; baseline -0.001 -25"><span class='ocrx_word' id='word_1_164' title='bbox 202 3485 306 3552; x_wconf 90' lang='lat' dir='ltr'><strong>metu</strong></span> <span class='ocrx_word' id='word_1_165' title='bbox 345 3479 632 3577; x_wconf 88' lang='lat' dir='ltr'><strong>oppugnationis</strong></span> <span class='ocrx_word' id='word_1_166' title='bbox 662 3481 758 3554; x_wconf 92' lang='lat' dir='ltr'><strong>omni</strong></span> <span class='ocrx_word' id='word_1_167' title='bbox 792 3477 977 3554; x_wconf 88' lang='lat' dir='ltr'><strong>liberavit.</strong></span> <span class='ocrx_word' id='word_1_168' title='bbox 1016 3478 1177 3554; x_wconf 86' lang='lat' dir='ltr'><strong>Emicuit</strong></span> <span class='ocrx_word' id='word_1_169' title='bbox 1212 3480 1249 3552; x_wconf 91' lang='lat' dir='ltr'><strong>in</strong></span> <span class='ocrx_word' id='word_1_170' title='bbox 1287 3500 1330 3551; x_wconf 92' lang='lat' dir='ltr'><strong>eo</strong></span> 
     </span>
     <span class='ocr_line' id='line_1_25' title="bbox 202 3602 1330 3702; baseline -0.004 -24"><span class='ocrx_word' id='word_1_171' title='bbox 202 3603 363 3699; x_wconf 87' lang='lat' dir='ltr'><strong>praelio,</strong></span> <span class='ocrx_word' id='word_1_172' title='bbox 383 3613 533 3702; x_wconf 86' lang='lat' dir='ltr'><strong>praeter</strong></span> <span class='ocrx_word' id='word_1_173' title='bbox 553 3605 659 3696; x_wconf 87' lang='lat' dir='ltr'><strong>alios,</strong></span> <span class='ocrx_word' id='word_1_174' title='bbox 681 3605 798 3678; x_wconf 91' lang='lat' dir='ltr'><strong>virtus</strong></span> <span class='ocrx_word' id='word_1_175' title='bbox 817 3602 997 3699; x_wconf 88' lang='lat' dir='ltr'><strong>imprimis</strong></span> <span class='ocrx_word' id='word_1_176' title='bbox 1010 3602 1330 3699; x_wconf 87' lang='lat' dir='ltr'><strong>Burgravii‚Mar·</strong></span> 
     </span>
     <span class='ocr_line' id='line_1_26' title="bbox 201 3725 1332 3824; baseline -0.003 -22"><span class='ocrx_word' id='word_1_177' title='bbox 201 3727 332 3824; x_wconf 85' lang='lat' dir='ltr'><strong>gravii</strong></span> <span class='ocrx_word' id='word_1_178' title='bbox 351 3735 389 3803; x_wconf 89' lang='lat' dir='ltr'><strong>et</strong></span> <span class='ocrx_word' id='word_1_179' title='bbox 407 3727 557 3804; x_wconf 90' lang='lat' dir='ltr'><strong>loannis</strong></span> <span class='ocrx_word' id='word_1_180' title='bbox 576 3728 753 3819; x_wconf 89' lang='lat' dir='ltr'><strong>Medices,</strong></span> <span class='ocrx_word' id='word_1_181' title='bbox 773 3727 835 3823; x_wconf 87' lang='lat' dir='ltr'><strong>qui</strong></span> <span class='ocrx_word' id='word_1_182' title='bbox 855 3727 1046 3824; x_wconf 86' lang='lat' dir='ltr'><strong>egregium</strong></span> <span class='ocrx_word' id='word_1_183' title='bbox 1070 3733 1158 3801; x_wconf 90' lang='lat' dir='ltr'><strong>tnnc</strong></span> <span class='ocrx_word' id='word_1_184' title='bbox 1185 3725 1332 3800; x_wconf 87' lang='lat' dir='ltr'><strong>virtutis</strong></span> 
     </span>
     <span class='ocr_line' id='line_1_27' title="bbox 201 3852 1330 3950; baseline -0.002 -24"><span class='ocrx_word' id='word_1_185' title='bbox 201 3853 396 3950; x_wconf 88' lang='lat' dir='ltr'><strong>specimen</strong></span> <span class='ocrx_word' id='word_1_186' title='bbox 415 3855 574 3930; x_wconf 89' lang='lat' dir='ltr'><strong>edidere.</strong></span> <span class='ocrx_word' id='word_1_187' title='bbox 593 3853 736 3930; x_wconf 90' lang='lat' dir='ltr'><strong>Hostes</strong></span> <span class='ocrx_word' id='word_1_188' title='bbox 765 3861 886 3929; x_wconf 86' lang='lat' dir='ltr'><strong>autem</strong></span> <span class='ocrx_word' id='word_1_189' title='bbox 915 3852 1055 3929; x_wconf 89' lang='lat' dir='ltr'><strong>omissa</strong></span> <span class='ocrx_word' id='word_1_190' title='bbox 1083 3855 1120 3924; x_wconf 93' lang='lat' dir='ltr'><strong>in</strong></span> <span class='ocrx_word' id='word_1_191' title='bbox 1148 3872 1330 3948; x_wconf 87' lang='lat' dir='ltr'><strong>praesens</strong></span> 
     </span>
     <span class='ocr_line' id='line_1_28' title="bbox 201 3976 1330 4076; baseline -0.004 -24"><span class='ocrx_word' id='word_1_192' title='bbox 201 3985 415 4052; x_wconf 85' lang='lat' dir='ltr'><strong>castrorum</strong></span> <span class='ocrx_word' id='word_1_193' title='bbox 435 3977 741 4056; x_wconf 83' lang='lat' dir='ltr'><strong>Germanicorum</strong></span> <span class='ocrx_word' id='word_1_194' title='bbox 762 3979 1047 4076; x_wconf 86' lang='lat' dir='ltr'><strong>oppugnatione,</strong></span> <span class='ocrx_word' id='word_1_195' title='bbox 1067 3999 1146 4052; x_wconf 87' lang='lat' dir='ltr'><strong>oum</strong></span> <span class='ocrx_word' id='word_1_196' title='bbox 1157 3976 1330 4050; x_wconf 91' lang='lat' dir='ltr'><strong>universo</strong></span> 
     </span>
     <span class='ocr_line' id='line_1_29' title="bbox 205 4099 1332 4203; baseline -0.004 -26"><span class='ocrx_word' id='word_1_197' title='bbox 205 4104 378 4180; x_wconf 84' lang='lat' dir='ltr'><strong>exercitu</strong></span> <span class='ocrx_word' id='word_1_198' title='bbox 404 4107 444 4178; x_wconf 93' lang='lat' dir='ltr'><strong>in</strong></span> <span class='ocrx_word' id='word_1_199' title='bbox 472 4128 553 4180; x_wconf 87' lang='lat' dir='ltr'><strong>eum</strong></span> <span class='ocrx_word' id='word_1_200' title='bbox 583 4127 749 4203; x_wconf 87' lang='lat' dir='ltr'><strong>campum</strong></span> <span class='ocrx_word' id='word_1_201' title='bbox 778 4126 925 4194; x_wconf 90' lang='lat' dir='ltr'><strong>venere,</strong></span> <span class='ocrx_word' id='word_1_202' title='bbox 953 4100 1049 4176; x_wconf 91' lang='lat' dir='ltr'><strong>unde</strong></span> <span class='ocrx_word' id='word_1_203' title='bbox 1085 4099 1332 4175; x_wconf 87' lang='lat' dir='ltr'><strong>Mansfeldius</strong></span> 
     </span>
     <span class='ocr_line' id='line_1_30' title="bbox 204 4224 1332 4305; baseline -0.004 -3"><span class='ocrx_word' id='word_1_204' title='bbox 204 4229 368 4304; x_wconf 83' lang='lat' dir='ltr'><strong>abierat.</strong></span> <span class='ocrx_word' id='word_1_205' title='bbox 389 4227 466 4305; x_wconf 87' lang='lat' dir='ltr'><strong>Sed</strong></span> <span class='ocrx_word' id='word_1_206' title='bbox 485 4226 645 4304; x_wconf 82' lang='lat' dir='ltr'><strong>Carolus</strong></span> <span class='ocrx_word' id='word_1_207' title='bbox 666 4253 712 4303; x_wconf 85' lang='lat' dir='ltr'><strong>ex</strong></span> <span class='ocrx_word' id='word_1_208' title='bbox 730 4227 991 4305; x_wconf 90' lang='lat' dir='ltr'><strong>munitionibus</strong></span> <span class='ocrx_word' id='word_1_209' title='bbox 1010 4225 1088 4301; x_wconf 91' lang='lat' dir='ltr'><strong>suis</strong></span> <span class='ocrx_word' id='word_1_210' title='bbox 1108 4232 1211 4299; x_wconf 87' lang='lat' dir='ltr'><strong>tanta</strong></span> <span class='ocrx_word' id='word_1_211' title='bbox 1238 4224 1332 4298; x_wconf 88' lang='lat' dir='ltr'><strong>assi-</strong></span> 
     </span>
     <span class='ocr_line' id='line_1_31' title="bbox 205 4348 1333 4447; baseline -0.005 -19"><span class='ocrx_word' id='word_1_212' title='bbox 205 4354 351 4430; x_wconf 88' lang='lat' dir='ltr'><strong>duitate</strong></span> <span class='ocrx_word' id='word_1_213' title='bbox 370 4355 409 4428; x_wconf 94' lang='lat' dir='ltr'><strong>in</strong></span> <span class='ocrx_word' id='word_1_214' title='bbox 428 4376 493 4430; x_wconf 90' lang='lat' dir='ltr'><strong>eos</strong></span> <span class='ocrx_word' id='word_1_215' title='bbox 512 4355 730 4447; x_wconf 87' lang='lat' dir='ltr'><strong>fulminavit,</strong></span> <span class='ocrx_word' id='word_1_216' title='bbox 750 4361 790 4428; x_wconf 93' lang='lat' dir='ltr'><strong>ut</strong></span> <span class='ocrx_word' id='word_1_217' title='bbox 809 4351 957 4427; x_wconf 89' lang='lat' dir='ltr'><strong>tandem</strong></span> <span class='ocrx_word' id='word_1_218' title='bbox 965 4349 1051 4424; x_wconf 90' lang='lat' dir='ltr'><strong>inde</strong></span> <span class='ocrx_word' id='word_1_219' title='bbox 1068 4371 1133 4423; x_wconf 91' lang='lat' dir='ltr'><strong>eos</strong></span> <span class='ocrx_word' id='word_1_220' title='bbox 1153 4348 1333 4444; x_wconf 87' lang='lat' dir='ltr'><strong>abegerit,</strong></span> 
     </span>
     <span class='ocr_line' id='line_1_32' title="bbox 204 4475 1334 4578; baseline -0.008 -22"><span class='ocrx_word' id='word_1_221' title='bbox 204 4491 244 4556; x_wconf 89' lang='lat' dir='ltr'><strong>et</strong></span> <span class='ocrx_word' id='word_1_222' title='bbox 263 4489 446 4578; x_wconf 90' lang='lat' dir='ltr'><strong>vergente</strong></span> <span class='ocrx_word' id='word_1_223' title='bbox 465 4481 514 4554; x_wconf 91' lang='lat' dir='ltr'><strong>ad</strong></span> <span class='ocrx_word' id='word_1_224' title='bbox 533 4501 705 4556; x_wconf 86' lang='lat' dir='ltr'><strong>occasum</strong></span> <span class='ocrx_word' id='word_1_225' title='bbox 724 4480 814 4571; x_wconf 90' lang='lat' dir='ltr'><strong>sole,</strong></span> <span class='ocrx_word' id='word_1_226' title='bbox 833 4475 1334 4573; x_wconf 86' lang='lat' dir='ltr'><strong>insuaipsornmeoscastra</strong></span> 
     </span>
     <span class='ocr_line' id='line_1_33' title="bbox 203 4588 1333 4703; baseline -0.007 -21"><span class='ocrx_word' id='word_1_227' title='bbox 203 4606 333 4683; x_wconf 88' lang='lat' dir='ltr'><strong>redire</strong></span> <span class='ocrx_word' id='word_1_228' title='bbox 344 4606 519 4702; x_wconf 86' lang='lat' dir='ltr'><strong>coegerit.</strong></span> <span class='ocrx_word' id='word_1_229' title='bbox 532 4605 684 4680; x_wconf 89' lang='lat' dir='ltr'><strong>Interim</strong></span> <span class='ocrx_word' id='word_1_230' title='bbox 694 4588 905 4703; x_wconf 80' lang='lat' dir='ltr'><strong>praefectis</strong></span> <span class='ocrx_word' id='word_1_231' title='bbox 917 4600 1152 4676; x_wconf 89' lang='lat' dir='ltr'><strong>munitionum</strong></span> <span class='ocrx_word' id='word_1_232' title='bbox 1163 4608 1200 4674; x_wconf 92' lang='lat' dir='ltr'><strong>et</strong></span> <span class='ocrx_word' id='word_1_233' title='bbox 1209 4599 1333 4674; x_wconf 86' lang='lat' dir='ltr'><strong>vinea·</strong></span> 
     </span>
     <span class='ocr_line' id='line_1_34' title="bbox 205 4724 1334 4831; baseline -0.011 -23"><span class='ocrx_word' id='word_1_234' title='bbox 205 4757 302 4823; x_wconf 72' lang='lat' dir='ltr'><strong>rum,</strong></span> <span class='ocrx_word' id='word_1_235' title='bbox 323 4733 455 4831; x_wconf 90' lang='lat' dir='ltr'><strong>quibus</strong></span> <span class='ocrx_word' id='word_1_236' title='bbox 475 4733 565 4807; x_wconf 91' lang='lat' dir='ltr'><strong>urbs</strong></span> <span class='ocrx_word' id='word_1_237' title='bbox 584 4732 809 4806; x_wconf 88' lang='lat' dir='ltr'><strong>circumdata</strong></span> <span class='ocrx_word' id='word_1_238' title='bbox 822 4729 954 4817; x_wconf 86' lang='lat' dir='ltr'><strong>fuerat,</strong></span> <span class='ocrx_word' id='word_1_239' title='bbox 981 4724 1240 4801; x_wconf 89' lang='lat' dir='ltr'><strong>Mansfeldium</strong></span> <span class='ocrx_word' id='word_1_240' title='bbox 1256 4747 1334 4798; x_wconf 89' lang='lat' dir='ltr'><strong>cer-</strong></span> 
     </span>
     <span class='ocr_line' id='line_1_35' title="bbox 1164 4869 1223 4930; baseline 0 0"><span class='ocrx_word' id='word_1_241' title='bbox 1164 4869 1223 4930; x_wconf 82' lang='lat'><strong>13*</strong></span> 
     </span>
    </p>
   </div>
   <div class='ocr_carea' id='block_1_3' title="bbox 0 0 1833 5534">
    <p class='ocr_par' dir='ltr' id='par_1_3' title="bbox 0 0 1833 5534">
     <span class='ocr_line' id='line_1_36' title="bbox 0 0 1833 5534; baseline 0 0"><span class='ocrx_word' id='word_1_242' title='bbox 0 0 1833 5534; x_wconf 95' lang='lat' dir='ltr'><strong> </strong></span> 
     </span>
    </p>
   </div>
  </div>
 </body>
</html>
