3625 5534
466 443 518 536 60
857 484 908 534 10.
930 462 1030 534 naon
1048 483 1197 535 annovn

461 659 618 756 legibus,
638 682 684 732 ac
701 659 865 733 libertati
883 681 974 733 suae
993 660 1208 752 tribuerent,
1228 661 1288 732 vel
1316 666 1391 735 tum
1413 660 1507 736 satis
1529 683 1591 735 su-

461 810 600 887 perque
621 786 848 876 declarasse,
888 808 971 860 cum
1000 765 1253 884 superioribus
1282 787 1330 862 ad
1360 786 1590 863 Varsoviam

463 912 613 988 creandi
631 912 719 987 novi
736 913 838 1008 regis
858 911 1027 1002 comitiis,
1048 913 1196 987 Turcae
1215 912 1393 1008 Legatos,
1426 912 1596 1006 Mustafa

468 1038 667 1130 Chausius,
688 1039 804 1134 quiec
824 1037 980 1126 nomine,
1001 1044 1041 1112 ut
1060 1037 1106 1112 de
1125 1037 1298 1132 eligendo
1316 1061 1407 1135 rege
1427 1036 1595 1113 Ordines

464 1165 685 1265 appellaret
706 1185 750 1238 co
769 1170 933 1252 venerat,
952 1162 1098 1236 nonnisi
1118 1162 1250 1254 electo,
1286 1162 1597 1263 proclamatoque

462 1291 536 1365 iam
554 1311 657 1384 rege,
686 1289 884 1384 solutoque
902 1309 1038 1382 magua
1056 1310 1103 1360 ex
1122 1295 1229 1384 parte
1245 1296 1436 1382 conventu,
1470 1290 1520 1364 sit
1542 1293 1592 1366 ab

466 1416 521 1492 eis
541 1414 717 1490 auditus?
736 1414 782 1488 In
801 1434 856 1505 eo,
878 1413 978 1509 quod
997 1434 1070 1486 nou
1090 1421 1289 1510 exspectas
1308 1416 1356 1490 cb
1387 1415 1453 1507 eis,
1472 1418 1595 1491 muni-

464 1545 556 1618 ficos
575 1563 616 1615 se
635 1541 838 1637 praebent:
859 1538 957 1635 quod
977 1537 1082 1632 velis,
1101 1537 1139 1612 id
1157 1553 1297 1636 negant
1315 1539 1471 1638 petenti,
1492 1542 1596 1616 satis

465 1689 552 1743 esse
571 1666 717 1757 ducunt,
737 1665 770 1739 si
789 1666 934 1739 salvum
962 1689 986 1740 a
1013 1686 1055 1738 se
1085 1664 1278 1754 dimittant,
1297 1688 1382 1739 raro
1402 1667 1481 1742 sine
1505 1691 1592 1742 ver-

464 1796 593 1869 borum
612 1792 764 1886 aculeis,
784 1800 822 1867 et
839 1816 914 1868 nou
934 1791 1060 1889 aliqua
1084 1792 1284 1888 ignominia
1302 1801 1475 1870 notatum.
1513 1795 1596 1870 Me·

464 1918 539 1995 reri
558 1918 699 2016 aliquid
716 1918 756 1993 iu
775 1941 901 1994 eorum
920 1919 1091 2014 gratiam,
1128 1917 1283 2015 perinde
1310 1927 1378 2006 est,
1416 1920 1523 1994 acsi
1556 1921 1596 1994 id

465 2051 605 2121 tantum
625 2066 731 2142 agas,
752 2044 942 2141 quodiam
961 2050 1085 2118 actum
1104 2048 1180 2118 est:
1201 2052 1312 2140 grata
1330 2044 1385 2118 eis
1403 2045 1507 2120 nulla
1526 2047 1595 2120 be-

465 2172 596 2246 neficia
617 2178 712 2263 sunt,
732 2171 804 2245 nisi
824 2193 881 2263 ea,
902 2192 1100 2266 quaecum
1129 2171 1262 2245 damno
1292 2192 1417 2246 corum
1445 2173 1551 2264 fiunt,
1572 2199 1597 2249 a

466 2299 600 2395 quibus
620 2298 868 2373 conferuntur.
890 2295 1076 2372 Moldavis
1096 2295 1179 2371 istis
1199 2295 1491 2390 nostrisvicinis,
1504 2321 1595 2396 qno-

465 2447 547 2500 rum
582 2426 688 2521 regio
707 2425 961 2498 Barbarorum
979 2422 1182 2496 incursioni
1201 2422 1309 2496 nimis
1329 2431 1388 2498 est
1407 2426 1595 2523 exposita

465 2548 644 2625 Caesaris
663 2552 780 2645 iussn,
799 2553 919 2626 iustas
949 2549 1077 2646 copias
1106 2572 1220 2647 saepe
1248 2550 1386 2626 auxilio
1411 2549 1593 2644 misimus,

465 2695 605 2772 eosque
623 2684 724 2751 tutos
743 2677 923 2752 hacteuus
934 2674 1143 2774 apericulis
1152 2678 1419 2774 praestitimus,
1429 2678 1595 2755 hostium

466 2800 577 2875 etiam
595 2801 760 2898 ipsorum
780 2803 1024 2893 confessione,
1064 2801 1197 2900 quibus
1226 2824 1300 2877 non
1328 2805 1485 2894 Turcae,
1525 2806 1597 2880 sed

466 2924 722 3024 Transylvaui
741 2934 882 3004 tantum
902 2952 983 3003 cum
1004 2935 1185 3002 terrorem
1203 2927 1392 3018 incutiunt,
1413 2935 1452 3003 ut
1470 2930 1520 3003 ab
1540 2931 1596 3004 in·

465 3052 637 3127 testanda
657 3074 702 3126 ea
719 3052 916 3150 provincia
935 3053 1155 3128 abstineant.
1164 3048 1239 3128 Sed
1248 3055 1337 3150 quid
1346 3061 1421 3128 tum
1430 3052 1597 3152 postea?

466 3200 514 3249 an
533 3175 591 3249 his
612 3177 744 3252 ofliciis
773 3178 926 3253 adducti
969 3175 1169 3274 aliquando
1199 3201 1244 3254 eo
1273 3186 1376 3272 sunt,
1415 3185 1454 3253 ut
1482 3179 1595 3254 iustis

467 3303 701 3398 quantumvis
729 3305 869 3378 uostris
898 3303 1099 3402 postulatis
1128 3305 1246 3378 locum
1273 3303 1432 3378 darent?
1453 3305 1532 3379 Imo
1555 3305 1596 3379 id

466 3451 591 3506 sumus
610 3429 784 3521 assecuti,
804 3438 845 3506 ut
863 3431 901 3503 in
920 3451 988 3506 nos
1008 3429 1092 3504 odio
1111 3430 1264 3522 incensi,
1285 3431 1381 3528 quod
1401 3431 1594 3505 armisali-

465 3554 553 3655 quid
572 3557 775 3647 valeamus,
794 3554 848 3631 ita
867 3556 1044 3631 detonsos
1063 3576 1132 3632 nos
1153 3556 1314 3654 cupiant,
1343 3563 1384 3630 ut
1402 3561 1595 3652 tamquam

464 3680 625 3756 Valachi
644 3680 727 3778 ipsi,
748 3689 786 3756 et
803 3681 969 3756 Moldavi
990 3682 1037 3756 ab
1058 3681 1113 3755 eis
1134 3680 1306 3755 devexati
1326 3682 1595 3778 consumptive,

465 3806 528 3904 qui
546 3805 620 3880 iam
639 3806 703 3879 vix
719 3806 891 3904 spiritum
903 3808 1048 3898 ducunt,
1059 3807 1258 3906 opportuni
1277 3805 1444 3881 omnibus
1465 3829 1595 3882 eorum

465 3931 610 4006 iniuriis
630 3931 846 4006 existamus.
885 3933 1050 4028 Magnae
1079 3932 1134 4006 eis
1165 3932 1212 4006 ab
1243 3931 1346 4007 initio
1375 3954 1485 4006 curae
1513 3933 1596 4020 fuit,

466 4057 647 4153 quomodo
666 4056 984 4153 Transylvaniam
1008 4065 1255 4156 occuparent,
1294 4057 1378 4132 dum
1406 4057 1444 4131 in
1464 4079 1595 4133 omnes

469 4184 686 4258 occasiones
704 4183 845 4275 intenti,
882 4184 1137 4277 ignavissimis
1167 4185 1276 4258 etiam
1310 4183 1516 4282 mancipiis,
1547 4185 1596 4259 si·

465 4308 543 4382 cuti
561 4308 785 4384 Markhtaio
813 4310 880 4404 illi,
918 4311 1060 4407 ingenti
1094 4311 1215 4409 pretio
1253 4333 1335 4384 eam
1364 4309 1591 4387 addicerent.

468 4431 562 4523 Quis
580 4435 723 4527 credat,
743 4459 926 4534 nunquam
947 4437 1020 4513 alio
1041 4439 1078 4512 in
1106 4460 1175 4513 uos
1207 4436 1340 4526 auimo,
1378 4461 1486 4532 quam
1515 4443 1593 4512 tum

465 4559 622 4652 fuerunt,
645 4561 900 4638 esseiNonue
912 4564 1020 4638 testis
1039 4562 1351 4660 locupletissimus
1372 4569 1430 4637 est
1445 4561 1593 4636 Ravan-

463 4682 555 4775 dius,
577 4682 705 4761 sinant
723 4686 882 4763 consilia
901 4688 1023 4763 omnia
1041 4711 1085 4764 eo
1112 4693 1284 4786 spectare
1313 4685 1512 4780 affirmans,
1552 4697 1594 4761 ut
