3625 5534
474 484 551 566 174
868 507 920 561 to.
940 509 1040 561 onon
1058 510 1207 562 nsaovn

471 696 512 764 ta
529 689 656 779 forma,
685 683 874 762 Caesareo
896 707 1045 782 genere,
1073 687 1211 762 celebri
1237 684 1423 786 pudicitia,
1452 708 1591 761 summa

472 813 671 907 modestia,
700 820 737 888 et
765 812 916 887 amabili
944 813 1115 889 comitate
1142 812 1348 912 praeditam
1367 836 1414 888 ex
1433 812 1590 889 omnium

473 940 703 1016 sermonibus
728 947 957 1039 perceperat.
975 938 1047 1014 His
1067 940 1269 1016 accedebat
1295 938 1429 1016 chorus
1459 946 1591 1015 matro-

472 1068 607 1143 nalium
627 1067 800 1143 virtutum
819 1066 930 1142 etiam
949 1087 1063 1162 snpra
1081 1090 1190 1165 quam
1216 1089 1330 1142 sexus
1356 1067 1419 1142 ille
1448 1075 1593 1166 patere·
1727 1088 1728 1161 l

470 1203 541 1286 tur,
571 1193 704 1291 quibus
734 1193 913 1292 Princeps
933 1192 1153 1271 adolescens
1181 1216 1374 1287 accensus,
1401 1193 1439 1266 in
1472 1193 1591 1287 legiti-

473 1343 567 1395 mum
605 1319 683 1395 eius
720 1341 882 1395 amorem
923 1340 965 1394 se
993 1317 1212 1394 coniecerat.
1249 1318 1322 1393 His
1351 1341 1442 1415 ergo
1471 1327 1590 1396 motus

472 1445 652 1543 Princeps
682 1453 718 1520 et
748 1445 857 1520 simul
885 1445 931 1519 de
959 1446 1149 1520 voluntate
1176 1444 1442 1534 Maximiliani,
1472 1445 1591 1520 literis

477 1572 656 1672 Stephani
665 1572 832 1650 Boczkai
843 1572 978 1648 certior
988 1574 1118 1660 lactus,
1128 1580 1168 1648 ot
1185 1573 1322 1649 famam
1343 1572 1592 1648 adventussui
1728 1546 1729 1619 3

474 1699 663 1776 celeritate
674 1700 1067 1797 praeveniretmutato
1076 1689 1204 1776 habitu
1214 1701 1347 1799 patrio,
1358 1699 1591 1775 vestimentis

471 1825 608 1902 italicis
617 1825 1006 1919 indutus,oontinuatis
1018 1825 1097 1902 dics
1107 1835 1307 1922 noctesque
1318 1823 1591 1901 itineribusCa·

471 1951 818 2051 rolinnmpervenit.
840 1952 934 2027 Ibia
947 1951 1421 2028 MaximilianoArchiduce
1432 1949 1590 2048 Sponsa,

474 2079 663 2157 renovatis
683 2080 787 2176 prius
807 2078 968 2156 foederis
978 2078 1175 2177 capitibus,
1186 2078 1380 2178 pactisque
1391 2078 1589 2165 dotalibus,

479 2207 586 2305 quasi
604 2231 625 2282 e
643 2228 752 2282 manu
761 2205 799 2280 in
808 2228 953 2281 manum
962 2204 1126 2304 Principi
1135 2205 1305 2281 traditur.
1322 2205 1412 2280 Mox
1421 2203 1592 2280 lustratis

472 2332 587 2433 copiis
607 2339 645 2408 et
663 2331 809 2406 collatis
830 2330 876 2406 de
896 2330 1039 2406 ratione
1057 2330 1148 2406 belli
1167 2338 1297 2406 contra
1315 2329 1507 2406 Barbaros
1526 2354 1591 2426 ge·

467 2458 572 2535 rendi
583 2456 775 2532 sententiis
796 2463 909 2554 atque
928 2457 1104 2552 consiliis,
1117 2479 1198 2532 cum
1214 2457 1363 2534 multam
1375 2456 1448 2531 sibi
1466 2464 1591 2532 mutuo

470 2588 625 2662 salutem
645 2583 837 2676 dixissent,
857 2584 1019 2680 digressi
1029 2591 1124 2659 sont.
1153 2585 1213 2659 Ita
1221 2582 1401 2681 Princeps
1420 2584 1590 2674 celerius,

469 2734 577 2809 quam
587 2718 751 2803 venerat,
762 2710 906 2786 domum
917 2733 1101 2804 reversus,
1117 2710 1315 2786 adventum
1326 2707 1505 2808 Sponsae,
1516 2733 1590 2807 qno

469 2837 591 2915 omnia
618 2836 753 2912 rectius
791 2845 1017 2930 curarentur,
1038 2839 1160 2913 Albae
1193 2837 1324 2912 statuit
1351 2837 1589 2934 praestolari.

468 2965 742 3042 Maximiliauus
770 2965 890 3060 etiam,
909 2974 1105 3063 postquam
1123 2986 1298 3040 sororem
1330 2985 1435 3039 suam
1462 2963 1590 3040 multis

466 3090 785 3169 benedictionibus
813 3089 1034 3168 cumulatam
1060 3092 1185 3167 fausto
1219 3089 1338 3168 omine
1376 3089 1590 3183 dimisisset,

467 3243 547 3294 cum
566 3217 683 3317 copiis
703 3217 780 3292 suis
800 3216 1054 3294 Rakomauum
1073 3239 1273 3315 regressus
1293 3224 1360 3292 est.

798 3610 974 3690 OAPVT
1004 3613 1256 3691 TERTIVM.

666 3790 724 3867 Dc
742 3793 898 3867 advento
917 3789 1079 3890 Sponsae
1098 3787 1393 3869 Altam-Iuliam.

576 3969 751 4050 Caroliuo
763 3973 916 4075 Sponsa
934 3997 1015 4050 cum
1026 3999 1161 4072 magna
1169 3973 1367 4050 Procerum
1381 3997 1588 4072 manupro

472 4120 606 4195 gressa
626 4097 889 4201 Somlyoinum,
908 4101 993 4176 inde
1008 4101 1215 4178 Zilahiuum
1234 4108 1345 4200 atque
1357 4099 1589 4178 Almasiuum

472 4223 581 4300 venit.
619 4225 675 4302 Ibi
713 4252 737 4303 a
773 4224 964 4326 Stephano
1001 4225 1148 4304 Ohakio
1184 4227 1351 4326 principe
1387 4225 1589 4302 inventutis

469 4351 801 4451 Transylvauicae‚
833 4379 992 4453 magnae
1015 4355 1096 4454 spei
1137 4355 1384 4451 adolescente,
1415 4352 1589 4431 honorifi-

468 4478 676 4557 centissime
695 4481 733 4554 iu
753 4506 838 4558 arce
858 4505 927 4559 sua
947 4481 1172 4558 Almasiensi
1195 4481 1357 4581 hospitio
1381 4504 1461 4556 cum
1490 4480 1590 4555 omni

469 4605 643 4681 comitatu
680 4617 837 4705 excepta
873 4608 953 4685 fuit.
989 4609 1080 4686 Inde
1119 4611 1287 4708 prolecta
1315 4607 1588 4706 Claudiopolim

472 4731 624 4829 appulit,
663 4732 848 4812 civitatem
885 4734 1194 4835 Transylvaniae,
1232 4737 1270 4811 in
1305 4734 1422 4833 primo
1460 4736 1588 4810 statim
