3625 5534
514 533 590 608 276
917 555 965 605 10.
985 553 1085 605 naon
1105 553 1256 604 unnovn

513 731 608 804 Nam
638 727 912 804 Maximilianus
941 728 1135 804 Archidux
1170 727 1511 826 Sigismundusqne
1538 727 1628 801 Prin-

514 878 601 955 ceps
622 878 705 931 cum
724 857 881 931 Nicolao
901 855 1031 946 Pallio,
1062 857 1275 954 ceterisque
1303 855 1502 952 Vngaricis
1544 851 1627 928 Ger·

513 984 704 1080 manisque
722 984 951 1083 proceribus,
964 983 1056 1057 nihil
1076 984 1303 1074 omittebant,
1330 982 1427 1081 quod
1445 984 1494 1058 ad
1512 982 1628 1057 confir-

513 1110 708 1185 mationem
727 1119 765 1184 et
783 1111 1073 1185 consolationem
1094 1111 1281 1185 exercitus
1294 1107 1497 1186 Christiani
1516 1110 1627 1185 facere

513 1236 709 1312 videretur.
738 1235 813 1312 Sed
831 1237 950 1335 pridie
970 1237 1049 1311 eius
1072 1237 1156 1334 diei,
1177 1238 1237 1334 qui
1258 1245 1339 1313 erat
1354 1237 1623 1313 XXHlootob.

513 1366 659 1441 ancae
697 1366 872 1441 audacter
908 1374 1057 1442 nostros
1085 1365 1306 1442 adoriendus
1344 1373 1455 1463 atque
1484 1385 1624 1464 praeve-

510 1490 665 1567 niendos
701 1492 783 1588 rati,
822 1491 1017 1567 confestim
1045 1501 1228 1568 tormenta
1257 1492 1397 1590 aliquot
1427 1491 1475 1566 ad
1504 1491 1623 1565 vadum

512 1617 582 1691 rivi
601 1617 839 1712 adduxerant,
859 1629 895 1694 et
914 1619 1162 1718 compluribus
1172 1619 1395 1694 irruentibus
1407 1619 1499 1693 duce
1527 1613 1622 1691 Ozai-

513 1744 593 1818 lero
611 1745 734 1821 Bassa
751 1749 947 1822 transitum
956 1753 1199 1822 tentaverant.
1221 1746 1413 1821 Resistnnt
1428 1745 1542 1820 nostri
1559 1745 1621 1816 ior-

512 1869 608 1963 titer,
629 1887 873 1969 consertoque
893 1872 942 1946 ad
959 1872 1077 1946 rivum
1090 1871 1270 1946 acerrimo
1291 1871 1434 1969 praelio
1445 1872 1621 1947 Barbaros

512 1997 550 2071 in
568 1996 694 2094 fugam
712 2004 869 2090 vertunt,
889 1997 1012 2071 caesis
1031 1997 1178 2070 circiter
1188 1993 1286 2072 OOC
1299 2019 1436 2090 eorum,
1454 2003 1625 2073 tormenta

516 2121 649 2199 XXIV
669 2123 723 2198 eis
743 2125 910 2222 eripiunt.
931 2123 989 2198 Ea
1008 2145 1088 2197 oum
1109 2120 1322 2199 Germanici
1343 2125 1455 2201 duces
1483 2125 1520 2199 in
1547 2144 1624 2198 suos

515 2275 560 2326 ac
578 2273 727 2326 snorum
755 2273 844 2328 usus
872 2259 1017 2326 vertere
1047 2257 1278 2343 conarentur,
1307 2275 1376 2326 nec
1395 2252 1433 2326 id
1453 2250 1623 2347 Transyl·

516 2378 603 2452 vani
630 2377 741 2453 facile
759 2385 983 2476 paterentur,
1015 2377 1156 2452 scilicet
1176 2379 1399 2476 triumphum
1418 2388 1504 2456 ante
1523 2377 1625 2452 victo·

514 2503 607 2578 riam
634 2513 826 2580 canentes:
864 2503 1122 2600 Sigismundns
1141 2505 1320 2605 Princeps
1345 2507 1563 2606 interposuit
1581 2527 1627 2581 sc,

516 2627 734 2727 coaequali
763 2638 1024 2706 tormentorum
1053 2631 1233 2708 divisione
1255 2633 1374 2724 facta,
1405 2658 1451 2709 ea
1479 2631 1626 2731 quaein

516 2777 620 2829 snam
637 2754 818 2830 rationem
837 2762 1041 2848 cesserant,
1061 2758 1097 2830 in
1110 2757 1425 2857 'Pransylvaniam
1444 2759 1626 2834 confestim

515 2880 710 2958 referenda
742 2881 894 2956 curavit.
936 2881 1134 2958 Certamen
1170 2883 1263 2959 illud
1293 2885 1340 2960 ad
1367 2907 1491 2962 serum
1523 2907 1627 2985 usqne

519 3007 592 3083 diei
617 3007 834 3106 productum
861 3008 946 3104 ipsa
977 3033 1052 3083 nox
1082 3009 1237 3084 diremit.
1276 3012 1336 3086 Ita
1363 3011 1509 3110 utrique
1539 3035 1578 3088 se
1595 3011 1626 3084 in

518 3140 643 3210 castra
661 3156 835 3232 recepere
852 3133 913 3207 his
933 3133 1075 3227 animis,
1096 3143 1135 3211 ut
1154 3143 1305 3235 postero
1326 3137 1384 3212 die
1403 3163 1566 3237 pugnam
1583 3140 1626 3212 in·
1723 3123 1724 3206 l

519 3269 738 3356 staurarent
757 3261 949 3359 neutrique
968 3268 1075 3358 terga
1093 3271 1290 3356 verterent,
1312 3265 1428 3342 donec
1444 3267 1504 3341 ius
1524 3267 1624 3364 impe·

517 3383 624 3460 randi
642 3385 763 3459 Marte
782 3385 901 3460 iudice
922 3385 1143 3463 definiretur.
1181 3390 1238 3464 Ea
1262 3413 1335 3466 nox
1373 3393 1625 3491 propemodum

516 3511 694 3586 insomnis
731 3519 814 3586 acta
832 3520 899 3604 est,
928 3536 1008 3587 cum
1026 3515 1220 3612 utrobique
1249 3517 1390 3593 crebris
1427 3519 1627 3616 vigiliamm
1723 3509 1724 3582 ἶ

519 3637 741 3715 stationibus
760 3639 951 3738 dispositis
987 3642 1241 3739 insequentem
1271 3668 1397 3721 omnes
1426 3647 1523 3724 diem
1553 3645 1626 3723 soli·
1723 3625 1724 3688 Ῐ

520 3766 582 3841 citi
610 3771 856 3864 expectarent,
885 3768 999 3840 veluti
1028 3769 1185 3844 Martem
1216 3771 1315 3846 vitae
1343 3774 1519 3873 necisque
1549 3795 1627 3850 snae
1723 3753 1724 3842 l

519 3892 697 3967 arbitrum
715 3891 858 3965 adituri.
887 3890 1042 3968 Postero
1068 3894 1137 3987 die,
1158 3896 1306 3973 vixdum
1341 3898 1528 3992 illuxerat
1558 3921 1627 3975 cnm

518 4019 690 4115 utrinque
717 4019 918 4093 instructae
938 4020 1037 4095 acies
1057 4021 1219 4099 adfuere.
1259 4028 1389 4123 ltaque
1406 4027 1626 4126 redintegra·
1723 4025 1724 4108 l

519 4150 579 4218 tur
596 4142 786 4241 praelium,
806 4145 964 4220 sednon
984 4169 1159 4224 successu
1179 4153 1382 4249 superioris
1402 4155 1483 4230 diei.
1521 4157 1628 4249 Quum
1723 4163 1724 4238 ζ

520 4269 617 4344 enim
635 4269 779 4367 pedites
799 4268 979 4370 Stephani
999 4272 1176 4350 Bathorei
1197 4278 1437 4356 circumventi
1457 4307 1481 4358 a
1499 4283 1628 4359 Barba·
1723 4245 1724 4324 l

519 4395 573 4471 ris
600 4395 767 4485 fuissent,
804 4406 842 4473 et
876 4420 961 4474 sero
987 4399 1034 4474 iis
1063 4425 1169 4500 opem
1199 4407 1312 4481 ceteri
1339 4406 1523 4505 mussent,
1559 4411 1629 4484 lere

523 4544 650 4596 omnes
682 4523 731 4598 ad
757 4547 865 4599 unum
893 4527 1146 4624 spectantibus
1176 4533 1313 4608 nostris
1343 4535 1518 4611 trucidati
1545 4543 1629 4622 sunt,
1723 4577 1724 4632 3

522 4647 651 4744 paucis
669 4651 759 4746 tuga
777 4653 928 4750 elapsis,
950 4654 1011 4750 qui
1030 4654 1077 4728 ad
1089 4657 1408 4755 cataphractorum
1424 4684 1466 4738 se
1476 4663 1628 4738 ordinem
1723 4639 1724 4708 3

522 4794 709 4869 recepere.
741 4775 823 4850 Non
843 4802 960 4875 parva
986 4779 1054 4853 hoc
1075 4784 1324 4879 spectaculum
1345 4789 1629 4864 consternatione
