3625 5534
405 447 486 548 328
701 471 751 524 10.
772 471 875 525 nucu
892 471 1043 525 sssovu
1062 473 1144 526 nuc.
1164 473 1214 525 u1.

402 644 633 723 Substiterat
650 648 730 722 illic
748 646 958 723 Bassianus
983 649 1133 747 quidam
1153 647 1329 746 Vajvoda
1347 645 1420 723 XL
1446 645 1542 721 hbe

403 795 526 847 rorum
563 773 725 871 peditum
762 773 914 848 cohorte
951 783 1099 874 septus,
1136 783 1176 851 ut
1222 800 1242 850 e
1276 773 1421 873 praelio
1449 773 1543 868 iuga

404 898 813 998 clapscsinterciperet.
843 901 883 974 Is
894 898 932 973 in
951 899 1109 975 Bassam
1129 907 1218 976 tuuc
1237 900 1403 978 animose
1421 894 1544 986 irruit,

407 1024 604 1120 caesisque
623 1025 765 1120 aliquot
782 1021 1043 1118 Barbarorum‚
1067 1025 1231 1124 reliquos
1249 1027 1288 1101 in
1306 1027 1433 1124 lugam
1453 1043 1543 1098 con-

404 1151 501 1226 iecit.
520 1153 581 1226 lta
589 1151 860 1226 Tbmdsvarum
870 1151 995 1226 Bassa
1005 1175 1191 1246 reversus,
1203 1175 1285 1228 cum
1294 1151 1437 1250 ingenti
1456 1149 1538 1222 vin·

406 1276 527 1352 dictae
545 1277 667 1352 studio
678 1277 838 1360 arderet.
858 1299 969 1353 uuum
981 1301 1001 1353 e
1012 1277 1541 1378 captivisRascianis„ducem

405 1402 622 1477 nobilitatae
640 1402 799 1493 virtutis,
828 1402 953 1478 vivum
971 1402 1157 1478 excoriari
1175 1404 1289 1480 iubet.
1311 1403 1392 1495 Quo
1411 1403 1540 1480 audito

408 1527 581 1602 Andreas
601 1549 748 1627 quoqne
765 1528 925 1604 Barcsai
943 1533 1021 1604 tres
1041 1550 1062 1604 e
1082 1529 1277 1628 mancipiis
1289 1529 1462 1605 lurcicis
1481 1551 1541 1605 se-

407 1653 502 1750 ligit,
522 1675 568 1727 ac
586 1676 633 1728 ex
651 1654 698 1741 iis
718 1653 810 1728 duos
830 1654 959 1728 eodem
979 1652 1154 1753 supplicii
1163 1676 1302 1750 genere
1321 1653 1448 1748 afficit,
1467 1661 1542 1730 ter-

406 1779 497 1855 tium
515 1782 607 1856 rotis
627 1781 846 1857 comminuit
874 1780 920 1855 Id
948 1780 1011 1856 ubi
1030 1780 1152 1856 Bassa
1171 1781 1354 1878 cognovit,
1374 1791 1479 1858 ratus
1498 1805 1542 1857 se

409 1931 560 1984 causam
579 1915 706 1982 tantae
723 1907 960 2003 Vngarorum
980 1907 1191 1982 crudelitati
1210 1907 1441 2007 praebuisse,
1459 1908 1541 1984 lite-

408 2058 471 2112 ras
491 2034 685 2109 confestim
705 2034 753 2109 ad
772 2032 993 2108 Barcsaium
1013 2033 1086 2127 dat,
1115 2055 1161 2107 ac
1187 2034 1225 2108 iu
1254 2031 1300 2108 iis
1326 2054 1476 2109 errasse
1495 2054 1540 2108 se

408 2161 586 2237 maiorem
604 2158 644 2233 in
661 2157 806 2233 modum
816 2158 1020 2256 profitetur,
1042 2166 1079 2233 et
1098 2181 1142 2233 ne
1161 2159 1540 2254 plurium'l'urcarum

410 2285 603 2387 suppliciis
622 2292 697 2360 tam
706 2285 925 2359 immanibus
945 2284 1120 2378 saeviret,
1140 2283 1326 2362 humiliter
1344 2285 1542 2363 admodum

409 2413 552 2489 Bauum
572 2410 751 2486 exoravit.
770 2407 886 2485 Simul
904 2418 945 2487 ut
954 2410 1125 2486 militaris
1144 2411 1383 2508 gratitudinis
1393 2435 1543 2510 exemp·

410 2541 485 2615 lum
512 2539 721 2635 praeberet,
749 2544 787 2612 et
813 2558 946 2634 equum
974 2537 1128 2612 Martini
1145 2535 1302 2630 Horvtt,
1332 2537 1393 2636 qui
1420 2537 1543 2636 ipsum

411 2671 631 2764 prosecutus
651 2663 803 2760 assequi
820 2685 894 2737 non
914 2670 1095 2761 potuerat,
1124 2661 1361 2739 vehementer
1389 2666 1545 2772 laesum,

412 2812 458 2865 ac
485 2789 585 2864 bello
616 2809 772 2887 prorsus
798 2788 964 2863 inutilem
991 2790 1128 2866 lactum
1156 2789 1373 2883 audivisset,
1400 2812 1468 2887 pro
1497 2811 1543 2865 eo

412 2906 545 3017 equum
573 2919 733 2993 alterum
761 2926 822 2992 sat
848 2939 1083 3014 generosum,
1113 2917 1249 2994 additis
1278 2917 1365 2992 aliis
1395 2939 1543 3016 quoque

412 3046 588 3147 pretiosis
616 3045 838 3138 muneribus,
857 3044 1017 3120 Maltino
1038 3043 1147 3118 misit.
1187 3041 1322 3141 Capita
1350 3063 1544 3120 caesorum

413 3175 461 3251 ad
492 3173 764 3271 quadringenta
799 3171 898 3270 palis
935 3169 1119 3268 Lugssini
1146 3169 1281 3264 affixa,
1317 3171 1432 3245 multa
1468 3165 1542 3244 Ca·

412 3299 693 3376 ransebesinum
712 3321 856 3397 quoque
884 3297 1022 3391 ablata,
1043 3295 1182 3394 captivi
1209 3295 1257 3371 ad
1281 3291 1380 3371 000
1408 3295 1544 3371 hastae

414 3425 582 3517 subiecti,
600 3425 743 3524 praeda
760 3425 892 3521 ingens
913 3432 1031 3523 capta,
1042 3443 1088 3498 ac
1105 3421 1185 3498 iure
1203 3421 1354 3498 militari
1373 3422 1545 3498 auctione

413 3551 574 3645 vendita,
587 3549 797 3649 viritimque
816 3552 1023 3628 distributa.
1044 3550 1175 3626 Actum
1194 3547 1266 3624 hcc
1283 3548 1353 3624 luit
1372 3543 1543 3626 XXVII.

415 3674 522 3753 lunii.
541 3681 650 3754 Eare
669 3679 829 3776 cognita,
848 3679 979 3777 paucis
989 3683 1075 3775 post
1093 3674 1223 3750 diebus
1235 3673 1360 3749 Bassa
1379 3697 1401 3747 a
1422 3671 1543 3748 Veze-

413 3808 471 3888 rio
499 3805 636 3881 Albam
665 3803 852 3882 Graecam
879 3809 1045 3895 vocatus,
1082 3798 1347 3899 provinciaque
1374 3797 1546 3895 privatus

413 3939 494 4016 luit.

1550 241 1690 516 ‘e
