3625 5534
465 511 546 590 304
867 537 916 587 10.
940 535 1040 589 nucu
1054 537 1203 590 alnovn

463 720 745 810 nostrarumque
766 716 956 813 copiarum
966 715 1168 813 imperator
1178 735 1263 789 esse
1274 713 1461 790 voluerim.
1473 713 1594 805 Quam

462 862 581 914 meam
608 839 769 915 tuendae
797 840 1148 938 conservandaeque
1172 840 1318 937 patriae
1337 839 1594 940 promptitudi-

465 963 617 1057 nem,iis
636 967 935 1060 etsuccessibus,
956 967 1088 1062 gratiis
1099 974 1210 1064 atque
1221 969 1446 1042 ornamentis
1466 967 1595 1042 divina

468 1092 517 1166 ad
527 1090 599 1168 boo
607 1113 724 1188 usque
735 1099 878 1190 tempus
889 1077 1125 1191 providentia
1135 1091 1404 1182 condecoravit,
1415 1101 1527 1190 atque
1537 1119 1596 1168 re·

466 1225 658 1291 munerata
676 1224 744 1307 est,
764 1225 895 1293 utnon
915 1218 1037 1294 solum
1059 1225 1198 1295 sartam
1211 1225 1419 1315 tectamque
1438 1218 1513 1293 Dei
1532 1221 1597 1294 be-

464 1343 596 1416 neficio
616 1326 915 1419 conservaverim
933 1345 1111 1419 hactenus
1132 1343 1301 1440 patriam,
1320 1342 1389 1418 sed
1407 1344 1593 1420 etiamnu-

466 1467 717 1578 mipatissimis
729 1468 892 1561 arcibus,
913 1470 1070 1568 oppidis,
1090 1469 1256 1558 urbibus,
1276 1469 1592 1568 amplissimisque

464 1593 664 1692 provinciis
683 1601 795 1690 atque
819 1595 1017 1669 territoriis
1052 1593 1266 1668 adauxerim
1295 1601 1406 1690 atque
1434 1593 1593 1692 amplifi-

436 1732 443 1750 ·
465 1718 635 1793 caverim.
666 1718 728 1792 Ad
755 1719 848 1794 haec
876 1721 914 1793 id
933 1721 1044 1795 etiam
1065 1719 1181 1812 effeci,
1209 1730 1249 1794 ut
1268 1719 1367 1816 quod
1386 1717 1593 1794 Christiani

465 1845 568 1921 orbis
586 1845 795 1942 Imperator
811 1824 891 1920 iure
911 1867 978 1920 suo
998 1846 1185 1944 armisque
1204 1852 1375 1942 repetere
1393 1852 1532 1944 posset,
1552 1846 1592 1918 id

463 1977 597 2069 sponte
606 1970 714 2046 nobis
723 1971 937 2064 remitteret,
948 1971 1415 2069 liberamqueprovinciam
1425 1979 1592 2047 nostram

463 2097 617 2196 reliquis
637 2096 781 2197 imperii
812 2096 986 2171 membris
1014 2095 1221 2172 associaret
1248 2119 1292 2171 ac
1320 2107 1593 2188 annumeraret,

464 2223 704 2320 omnibusque
724 2221 925 2321 praesidiis
945 2245 989 2297 ac
1009 2222 1240 2296 liberalitate
1260 2223 1594 2321 contraprofessos

464 2346 757 2424 Christianorum
788 2348 916 2424 hostes
946 2347 1169 2422 defenderet.
1209 2346 1317 2438 Quod
1345 2349 1423 2422 eins
1452 2348 1590 2423 beneti-

463 2474 569 2565 cium,
587 2483 628 2550 ut
646 2499 716 2572 ego
736 2476 881 2573 quoque
900 2497 971 2571 qua
990 2495 1139 2571 possem
1151 2475 1251 2569 grati
1270 2473 1381 2550 animi
1401 2474 1589 2570 significa-

462 2602 562 2677 tione
581 2601 819 2695 declararem,
848 2601 972 2676 multis
1000 2623 1090 2675 sane
1119 2599 1376 2696 gravibusque
1400 2598 1589 2675 decausis

462 2726 576 2801 statui
594 2727 761 2822 regimen
779 2727 887 2802 huius
915 2726 1129 2826 provinciae
1156 2726 1385 2822 resignatum
1414 2725 1459 2801 de
1478 2749 1590 2802 manu

463 2833 574 2951 quasi
586 2853 625 2928 in
643 2877 788 2929 manum
808 2853 887 2928 eins
906 2853 1119 2929 attribuere.
1157 2851 1345 2949 Principio
1369 2853 1466 2926 enim
1485 2853 1589 2927 scitis

462 3003 520 3055 me
548 2979 724 3055 divinitus
749 2975 874 3078 (credo
894 2978 1040 3076 quidem
1069 2978 1116 3052 ob
1145 2977 1365 3076 multiplicia
1392 3001 1476 3054 mea
1504 3001 1589 3077 pec-

462 3099 560 3201 cata)
581 3105 634 3180 ita
652 3127 738 3180 esse
756 3103 916 3178 orbitate
935 3104 1111 3202 punitum,
1129 3110 1170 3178 ut
1188 3125 1259 3200 ego
1279 3103 1402 3178 nullos
1417 3103 1587 3189 habeam,

461 3228 648 3326 possimne
677 3253 832 3327 sperare
859 3229 1006 3326 imperii
1034 3228 1227 3304 haeredes.
1265 3228 1373 3320 Quod
1402 3250 1511 3324 quum
1536 3229 1589 3303 ita

461 3353 521 3445 sit,
540 3353 708 3450 equidem
727 3355 852 3429 multis
881 3355 999 3428 modis
1028 3357 1138 3450 longe
1158 3353 1361 3430 consultius
1389 3355 1471 3428 fore
1499 3353 1590 3428 iudi-

463 3478 555 3568 cavi,
584 3480 618 3552 si
644 3501 703 3553 me
722 3480 808 3555 vivo
837 3502 919 3555 eum
948 3480 1035 3554 mibi
1064 3479 1301 3575 designarem
1316 3500 1589 3578 ,successorem

462 3604 524 3703 qui
552 3605 675 3682 omnia
701 3615 829 3681 vestra
856 3606 1073 3705 privilegia,
1102 3607 1338 3702 donationes,
1365 3614 1477 3704 pacta
1506 3627 1590 3679 oon-

462 3740 584 3831 vente,
621 3732 703 3807 iura
735 3732 892 3829 denique
930 3735 1052 3810 omnia
1089 3733 1270 3828 religiosa
1306 3731 1589 3809 asseveratione

463 3859 665 3956 sponderet
683 3882 725 3933 se
745 3859 1051 3952 confirmaturum,
1072 3883 1181 3957 quam
1201 3884 1258 3934 me
1277 3859 1367 3934 fatis
1386 3859 1485 3932 forte
1501 3858 1588 3932 sub-

460 3984 539 4059 lato
568 3982 613 4058 de
632 3985 872 4083 possessione
891 3985 1015 4082 Regni
1033 3994 1179 4062 mutuae
1199 3986 1449 4061 excitarentur
1468 3982 1589 4079 digla-

462 4107 656 4185 diationes.
678 4109 775 4201 Quid
794 4111 891 4184 enim
906 4133 949 4186 eo
969 4111 1225 4209 perniciosius,
1256 4119 1293 4185 et
1311 4110 1379 4186 toti
1399 4108 1484 4184 hnic
1502 4130 1589 4206 pro-

460 4233 604 4310 vinciae
632 4234 844 4313 damnosius
874 4238 1082 4333 excogitari
1108 4246 1255 4336 posset:
1295 4260 1404 4334 quam
1433 4243 1473 4310 ut
1500 4243 1589 4332 post

458 4359 538 4436 fata
556 4382 648 4455 mea,
668 4362 796 4438 vanae
816 4362 862 4437 de
880 4364 1089 4463 principatu
1100 4363 1360 4439 altercationes
1378 4361 1588 4437 suboriren-

461 4493 530 4578 tur,
550 4485 670 4584 iisque
687 4486 741 4562 ita
761 4488 911 4564 ordines
931 4513 1058 4568 omnes
1077 4490 1402 4580 labefactarentur,
1431 4495 1471 4563 ut
1488 4487 1589 4562 inter

461 4611 625 4708 reliquos
643 4613 835 4710 litigantes
865 4615 964 4692 haud
993 4605 1190 4692 difficulter
1211 4618 1358 4691 Turcae
1387 4613 1481 4688 tanti
1511 4639 1585 4689 mo·

459 4736 572 4812 menti
590 4738 817 4834 provinciam
836 4763 1020 4838 occupare
1041 4749 1213 4838 possent3
1236 4741 1333 4838 quod
1353 4739 1528 4828 nefieret,
1549 4747 1587 4814 et
