3625 5534
480 554 1015 608 nsm.vrso.nsc.x.n.111.
1251 528 1301 603 47
1344 621 1346 628 ι

205 739 297 805 terea
313 729 416 806 daret
433 730 562 806 sedulo
580 755 755 835 operam,
776 736 814 805 ut
834 727 1060 826 Stephanum
1078 728 1303 820 Bethorium,

204 856 260 952 qui
276 879 387 930 arcem
406 855 595 932 Echedum
614 857 807 949 obtineret,
828 863 1024 952 cognatum
1035 879 1138 932 suum
1157 856 1195 930 in
1213 877 1302 930 suas

203 989 315 1080 partes
331 981 527 1058 traducat:
560 1005 625 1076 ea,
646 1004 718 1079 qua
737 981 819 1079 ipse
839 990 941 1056 esset
959 980 1158 1079 Princeps,
1178 980 1210 1056 si
1229 1003 1303 1057 mo·

203 1107 279 1182 uitis
294 1117 452 1206 pareret,
473 1108 572 1207 apud
590 1103 793 1183 Caesarem
813 1106 1020 1184 conditione
1038 1109 1216 1202 futurum,
1241 1106 1303 1182 ¹sin

203 1233 364 1308 autemid
381 1243 544 1332 respuat,
562 1234 601 1308 ri
620 1232 733 1309 etiam
751 1232 929 1326 adhibita,
950 1255 1031 1308 eum
1049 1233 1231 1333 imperata
1245 1223 1302 1306 'ia-

203 1382 276 1435 cere
292 1369 410 1456 cogat
430 1359 578 1436 Scribat
597 1359 773 1436 similiter·
786 1358 833 1435 ad
843 1366 988 1435 ceteros
1008 1356 1200 1455 Vngaria'c
1218 1341 1302 1456 pro-

203 1507 312 1578 ceres,
330 1495 367 1561 et
383 1486 553 1585 populos,
572 1493 784 1582 certamque
803 1484 858 1560 eis
879 1507 982 1583 spem
1001 1484 1133 1577 faciat,
1154 1483 1301 1582 quicun-

203 1632 263 1707 que
279 1634 301 1685 a
317 1608 515 1688 Germanis
533 1613 582 1687 ad
610 1609 787 1716 Caesaris
805 1611 929 1686 studia
947 1610 1078 1686 adduci
1097 1633 1139 1686 se
1155 1611 1301 1709 petien-

202 1745 268 1829 tnr,
285 1759 347 1812 eos
371 1747 544 1836 expertes
564 1739 758 1829 malornm,
787 1737 940 1836 perinde
967 1760 1013 1812 ac
1038 1735 1302 1836 Tansylvanos

203 1861 269 1936 suis
285 1862 429 1957 legibus
439 1864 553 1939 vitam
564 1872 729 1939 acturos:
749 1872 895 1939 ceteros
907 1886 994 1937 vero
1005 1886 1131 1940 omnes
1141 1861 1300 1938 hostium

202 1987 272 2063 loco
297 1988 448 2064 tuturos.
477 1991 574 2066 Dum
601 1989 695 2066 haec
713 1987 873 2067 Sinanus
897 1990 996 2086 agit,
1024 1989 1169 2064 interim
1196 1987 1301 2062 Prin·

203 2135 277 2210 ceps
295 2112 553 2212 sigismundus
579 2117 835 2193 Albae-Iuliae
863 2116 1023 2209 comitia,
1042 2137 1138 2212 quae
1165 2113 1214 2189 ad
1241 2136 1299 2189 ca-

206 2239 320 2316 lendas
337 2239 568 2340 Septembris
579 2241 782 2318 Ordinibus
791 2241 1004 2341 provinciae
1023 2240 1217 2334 indixerat,
1238 2239 1301 2314 ha·

203 2366 318 2459 lebat,
345 2392 477 2469 nempe
504 2378 545 2446 nt
561 2370 601 2444 in
618 2377 783 2468 tempore
800 2368 1033 2468 provideret,
1061 2366 1233 2464 nequid,
1263 2367 1301 2441 in

202 2498 290 2568 anm
315 2493 405 2570 belli
430 2496 728 2594 propinquitate,
768 2494 976 2572 detrimenti
1004 2494 1215 2594 respublica
1243 2517 1301 2568 ca·

202 2631 299 2715 peret
317 2621 462 2698 Hisvix
473 2624 701 2718 tumsolutis,
712 2646 792 2700 cum
803 2646 932 2698 rursus
953 2621 1080 2698 Sinani
1099 2621 1194 2697 alius
1212 2645 1301 2696 nnn-

202 2745 269 2823 cius
286 2749 508 2844 advolasset,
528 2759 566 2826 et
584 2751 705 2826 omnia
721 2752 760 2825 in
781 2749 972 2827 celeritate
992 2770 1076 2824 esse
1093 2748 1228 2847 posita,
1246 2771 1302 2824 re·

201 2874 404 2970 nmciaaset,
422 2875 521 2974 quod
538 2876 654 2976 priori
672 2877 728 2952 illi
738 2875 862 2953 datum
879 2897 1101 2975 responsum
1119 2875 1198 2968 init,
1217 2897 1298 2951 cum

202 3021 239 3075 eo
253 3001 309 3077 bic
326 3025 470 3101 quoque
489 3002 662 3080 dimissus
680 3004 768 3097 init,
796 3012 837 3078 ut
853 3002 1011 3078 referret
1030 2999 1166 3076 Sineno
1184 3007 1299 3076 totum

202 3124 287 3202 ineo
304 3151 388 3204 esse
406 3127 626 3228 Principem,
644 3137 685 3205 ut
703 3129 843 3205 cunctis
857 3128 1018 3203 inrebus
1033 3126 1186 3225 imperio
1206 3122 1299 3201 Cae·
1364 3151 1368 3164 ⁴

202 3253 285 3328 saris
302 3278 438 3331 morem
457 3264 584 3352 gerat,
612 3255 730 3354 ipsius
758 3277 903 3354 quoque
921 3253 1084 3345 Bessae,
1114 3252 1175 3350 qui
1194 3252 1296 3328 vices

202 3375 268 3453 eius
284 3379 449 3470 referret,
469 3379 748 3471 authoritatem,
774 3385 882 3478 prout
900 3378 1014 3454 debiti
1034 3377 1092 3453 sui
1109 3378 1205 3454 ratio
1224 3378 1299 3453 exi-

202 3514 308 3597 geret,
334 3507 459 3602 magni
486 3504 547 3581 vel
565 3506 744 3605 imprimis
763 3506 885 3580 iaciat.
916 3504 992 3581 Sed
1010 3505 1165 3582 bellicos
1184 3529 1297 3605 appa·

201 3638 306 3723 ratus,
334 3630 430 3729 quod
450 3631 484 3706 ei
503 3633 639 3731 optime
658 3640 863 3724 constaret,
892 3655 1033 3708 moram
1052 3633 1213 3729 aliquem
1242 3655 1298 3706 re·

202 3754 348 3850 quirern,
366 3781 436 3831 nec
452 3765 529 3832 tam
546 3758 658 3834 facile
678 3783 724 3832 ex
744 3759 909 3834 omnibus
937 3759 1150 3858 provinciae
1187 3758 1297 3855 parti-

201 3878 260 3953 bus
275 3884 398 3981 copias
417 3884 503 3982 cogi
526 3903 649 3982 posse.
679 3883 823 3959 Placuit
850 3892 984 3984 postea
1004 3884 1168 3974 senatui,
1198 3883 1299 3978 lega·
1328 3917 1334 3924 ·

200 4010 263 4080 tum
280 4032 420 4106 quoque
438 4009 593 4086 alicuius
611 4010 768 4086 nominis
787 4011 834 4085 ad
854 4034 934 4085 eum
954 4010 1068 4092 mitti,
1089 4033 1169 4085 cum
1188 4007 1298 4083 officii

201 4151 317 4226 causa,
334 4144 410 4210 tum
437 4143 477 4212 ut
495 4135 540 4211 de
570 4137 636 4216 iis.
667 4159 801 4233 quaec
826 4136 1016 4234 republica
1047 4143 1193 4224 essent,
1223 4156 1296 4209 ma·

202 4264 269 4335 ture
286 4263 442 4360 transigi
469 4285 551 4337 cum
569 4285 613 4338 eo
641 4271 781 4363 posset.
810 4263 906 4355 Quia
925 4286 1014 4339 vero
1040 4263 1195 4339 omnium
1213 4284 1297 4363 pro·

201 4385 391 4464 uincialium
410 4388 535 4463 aversi
553 4389 702 4464 nimium
722 4390 832 4464 animi
851 4387 987 4464 abhoc
1006 4389 1104 4464 bello
1133 4411 1217 4463 esse
1245 4390 1297 4462 vi·

201 4510 373 4606 letantur,
392 4513 656 4613 providendum
674 4514 838 4614 Principi
857 4515 1108 4608 incumbebat,
1127 4524 1167 4589 ut
1185 4515 1301 4591 ratio,

201 4659 415 4734 aesomnes,
444 4641 575 4738 quibus
604 4642 756 4716 liberari
775 4644 822 4716 ab
832 4641 913 4716 ‘hae
932 4638 1102 4716 molestia
1129 4649 1294 4740 possent.

202 4769 429 4862 experiendas
447 4768 520 4842 sibi
537 4779 771 4867 proponeret.
790 4768 951 4844 Proinde
970 4767 1095 4864 legato
1107 4793 1151 4844 ex
1168 4770 1293 4845 ordine
