3625 5534
502 503 552 553 nn
569 503 649 553 aar.
668 503 753 554 vno.
774 503 857 553 nnc.
877 504 911 553 x.
934 503 967 553 u.
987 504 1020 552 v.
1275 477 1325 552 89

209 679 311 754 armis
328 679 546 772 invadendo,
575 679 686 754 obvia
716 701 883 774 quaeque
907 678 945 750 iu
975 699 1099 751 eorum
1126 674 1327 750 ditionibus

208 804 298 879 ferro
316 804 536 903 flammaque
552 804 689 879 deleat.
728 801 848 877 Huius
877 802 932 887 rei
951 799 1211 876 necessitatem
1232 825 1328 877 nunc

210 930 241 1003 ei
257 929 389 1024 imponi
408 952 454 1005 eo
472 937 647 1027 tempore,
668 950 740 1025 quo
760 926 868 1002 sicuti
886 927 1020 1022 gravia
1039 926 1170 1016 omnia,
1198 925 1325 1002 diffici-

208 1055 323 1151 liaque
342 1056 377 1130 ei
395 1067 658 1154 proponuntur,
677 1053 731 1127 ita
741 1053 963 1152 sperandum
982 1053 1055 1150 ipsi
1075 1053 1132 1145 sit,
1153 1053 1327 1129 maiorem

209 1202 268 1277 pro
285 1179 342 1255 his
361 1182 507 1278 gratiae
526 1184 645 1255 locum
665 1180 721 1255 illi
741 1179 840 1276 apud
851 1175 1052 1254 Caesarem
1073 1180 1164 1254 fore.
1178 1179 1328 1254 Nullam

209 1306 472 1381 excusationem
509 1306 651 1382 admitti
684 1329 810 1403 posse,
839 1305 962 1379 omnia
979 1306 1016 1379 in
1037 1303 1119 1379 sola
1137 1305 1328 1380 celeritate

96 1505 100 1514 ,
210 1451 284 1504 esse
301 1432 434 1528 posita.
455 1433 596 1507 Eadem
615 1432 736 1506 nuncii
758 1431 884 1505 verbis
903 1431 1193 1528 ingeminabant,
1233 1453 1326 1528 quos

208 1557 255 1628 ita
271 1556 470 1632 instructos
490 1555 649 1634 Sinarus
669 1582 692 1632 a
710 1581 752 1633 se
781 1557 983 1648 dimiserat,
1021 1558 1074 1635 uti
1111 1579 1193 1633 oum
1230 1557 1327 1634 alter

209 1704 322 1757 eorum
340 1705 421 1757 cum
440 1705 623 1781 responso
653 1684 701 1760 ad
726 1705 770 1759 se
806 1681 990 1770 rediisset,
1017 1682 1114 1758 alter
1133 1705 1205 1758 nou
1224 1682 1326 1780 prius

208 1807 328 1904 pedem
346 1807 433 1883 hinc
451 1810 610 1899 efferret,
630 1833 740 1907 quam
750 1807 971 1907 Principem,
987 1788 1200 1885 conscensis
1209 1807 1327 1905 equis,

210 1933 388 2032 raptisque
407 1957 531 2009 secum
549 1937 710 2034 equitum
722 1935 805 2027 alis,
816 1935 913 2009 dicto
925 1934 971 2009 iis
982 1932 1189 2010 audientem
1208 1933 1324 2009 fuisse

212 2057 364 2133 vidisset.
383 2055 459 2134 Sed
477 2060 522 2153 is,
541 2060 670 2156 priora
689 2059 846 2136 consilia
874 2068 1034 2154 secutus,
1065 2059 1191 2134 verbis
1211 2061 1245 2136 ei
1266 2081 1325 2132 sa-

211 2181 455 2260 tisfaciendum
472 2187 626 2284 putavit,
645 2194 757 2283 atque
775 2187 830 2261 ita
848 2186 1025 2282 Legatos,
1054 2194 1236 2283 utcunque
1267 2207 1326 2261 as·

210 2311 331 2386 sentiri
348 2310 407 2402 iis,
420 2334 516 2408 quae
536 2313 591 2388 eis
611 2311 831 2405 dicerentur,
870 2314 973 2388 visos
1001 2313 1049 2388 ad
1068 2310 1243 2388 Siuanum
1273 2313 1326 2387 di-

210 2434 308 2510 misit.
327 2434 466 2512 Verum
485 2438 550 2512 vix
567 2439 624 2513 illi
643 2439 905 2514 discesserant.
938 2461 1018 2514 cum
1047 2439 1208 2530 affertur,
1229 2438 1326 2514 alios

211 2561 394 2636 abeodem
412 2562 551 2655 venire,
589 2564 812 2661 iamiamque
831 2565 1021 2638 affuturos.
1042 2564 1139 2639 Nam
1158 2587 1238 2640 cum
1254 2565 1327 2640 t're·

211 2692 352 2780 quantes
370 2687 410 2760 in
429 2687 519 2784 dies,
540 2688 603 2763 alii
622 2697 710 2787 post
729 2688 834 2780 alios,
855 2689 979 2765 nuncii
997 2714 1020 2764 a
1049 2690 1213 2766 finitimis
1232 2692 1326 2766 Tur-

210 2809 256 2883 cis
280 2811 326 2885 ad
354 2835 447 2907 eum,
486 2815 712 2912 postulatum
739 2815 895 2907 auxilia,
926 2818 1168 2910 mitterentur,
1198 2841 1266 2893 neo
1291 2817 1324 2892 is

210 2936 342 3014 nodum
359 2964 407 3016 ea
425 2941 644 3042 expediendi
654 2941 693 3016 in
704 2966 749 3018 ea
760 2942 913 3018 militum
924 2943 1120 3019 solitudine
1128 2944 1325 3042 reperiret,

210 3083 307 3139 unum
321 3065 359 3139 id
377 3069 528 3164 agebat,
540 3077 580 3144 ut
591 3092 828 3166 quoscunque
836 3069 984 3146 tandem
996 3077 1136 3169 posset,
1148 3067 1327 3146 inhostes

212 3188 410 3267 concitaret.
431 3193 575 3292 Itaque,
596 3195 778 3272 advocato
807 3195 1020 3272 Mahumeto
1042 3194 1218 3286 Chausio,
1239 3194 1325 3272 olim

212 3314 366 3412 profuga,
396 3317 599 3419 eodemque
621 3321 835 3421 interprete,
865 3321 911 3396 de
940 3345 1011 3418 quo
1040 3344 1155 3421 supra
1192 3321 1326 3400 dictum

212 3447 270 3532 ent,
297 3443 482 3538 negotium
507 3446 541 3521 ei
570 3446 646 3536 dat,
675 3455 715 3522 ut
741 3470 816 3522 nna
843 3469 924 3522 cum
952 3455 1099 3524 oratore
1130 3447 1326 3548 Principis,

214 3563 336 3640 Ioanne
353 3569 535 3668 Bodogio,
565 3573 627 3670 qui
656 3581 733 3648 toto
762 3573 1008 3672 expeditionis
1035 3582 1202 3674 tempore
1227 3573 1327 3674 apud

216 3709 286 3764 enm
303 3693 432 3786 tuerat,
451 3697 569 3794 primo
590 3721 735 3796 quoquc
754 3707 920 3797 tempore
948 3699 986 3774 in
1011 3699 1327 3798 Transylvaniam

215 3817 334 3910 veniat,
352 3821 544 3920 simulque,
564 3823 652 3920 quid
670 3824 753 3898 lieri
771 3825 871 3917 velit,
890 3825 1036 3923 utrique
1058 3825 1226 3921 imperat.
1247 3824 1327 3898 Neo

217 3954 468 4038 commentus,
487 3949 667 4048 postridie
694 3973 839 4026 rursum
872 3951 994 4045 alium,
1025 3949 1235 4026 Mustaffam
1263 3969 1327 4022 no·

217 4064 312 4160 mine,
330 4071 459 4146 eadem
479 4073 525 4148 de
545 4096 659 4148 causa
688 4097 768 4148 cum
788 4074 972 4150 mandatis
998 4075 1118 4150 mittit.
1139 4074 1191 4149 Hi
1209 4073 1325 4171 prius,

213 4187 259 4264 illi
289 4196 467 4291 postridie
504 4201 745 4297 appulerunt,
772 4209 810 4276 et
846 4222 973 4276 omnes
1011 4200 1140 4276 eadem
1178 4199 1237 4275 die
1261 4221 1326 4274 au·

214 4311 269 4388 diti
301 4318 458 4397 fuerunt.
510 4320 660 4399 Summa
703 4334 942 4423 utrarumque
980 4323 1156 4401 Caesaris
1199 4325 1325 4401 litera·

214 4459 281 4514 rum
299 4445 438 4538 eadem,
458 4447 585 4524 hostes
613 4473 740 4526 omnes
768 4453 807 4526 in
836 4453 949 4526 armis
977 4473 1072 4534 esse,
1101 4459 1211 4548 atque
1231 4451 1268 4526 id
1287 4451 1324 4526 iu

212 4565 319 4643 animo
336 4571 487 4663 habere,
507 4583 547 4649 nt
564 4575 613 4650 ad
631 4576 818 4653 Budensis
848 4577 996 4652 ditionis
1029 4576 1227 4674 praesidia,
1259 4575 1323 4652 Fi·

213 4684 395 4796 lekumqne
416 4699 650 4797 contendant,
669 4726 795 4778 eorum
814 4704 896 4780 loca
926 4702 1061 4780 circum
1090 4702 1211 4778 omnia
1230 4723 1325 4782 nuno
