3625 5534
466 459 543 538 130
866 479 916 532 10.
938 479 1038 531 nucu
1062 477 1212 531 nruovm

461 657 607 756 publice
628 657 687 733 vel
707 657 879 756 privatim
899 655 1075 730 afficeret.
1104 653 1283 751 Quisquis
1309 676 1417 728 secus
1436 653 1591 743 laceret,

464 809 557 878 eum,
579 783 613 858 si
631 784 768 859 nobilis
788 792 900 872 esset,
921 781 1185 857 confiscatione
1202 783 1392 868 bonorum,
1411 778 1445 853 si
1464 783 1588 854 autem

463 911 643 1009 plebeius,
663 909 783 1008 capite
804 931 845 982 se
869 908 1079 1007 puniturum
1106 907 1363 982 interminatus
1390 914 1459 980 est.
1500 903 1588 980 Mox

463 1035 526 1108 ubi
544 1035 675 1133 paucis
704 1032 910 1109 interiectis
940 1032 1072 1106 diebus
1101 1032 1386 1130 conquievisset,
1408 1030 1591 1126 interrup-

462 1168 537 1235 tum
567 1161 794 1236 comitiorum
823 1146 973 1233 cursum
1001 1158 1206 1234 continuari
1229 1159 1350 1248 iussit,
1379 1166 1417 1232 et
1438 1165 1480 1231 ut
1498 1178 1591 1230 eom·

462 1285 562 1361 muni
589 1288 747 1362 omnium
776 1286 945 1361 ordinum
974 1306 1156 1360 consensu
1194 1310 1217 1360 a
1246 1283 1405 1361 Tureieo
1441 1281 1592 1356 foedere

466 1412 746 1504 descisceretur,
766 1435 834 1509 per
864 1408 1137 1486 Cancellarium
1165 1409 1404 1508 amplissima,
1434 1415 1472 1483 et
1501 1414 1592 1481 tam·

464 1561 572 1636 quam
593 1559 773 1634 cygnaeo,
792 1543 833 1610 ut
852 1536 966 1627 aiunt,
991 1543 1234 1634 exponentem
1262 1536 1440 1626 oratione,
1467 1537 1593 1630 postu·

465 1664 568 1740 lavit.
589 1662 732 1754 Quibus
752 1661 941 1759 Principis
959 1661 1160 1759 postulatis
1181 1663 1356 1760 acceptis,
1385 1670 1423 1736 et
1439 1655 1592 1734 nonnul·

465 1789 512 1863 lis
540 1790 637 1864 ultro
666 1786 831 1884 citroque
861 1786 1094 1861 sermonibus
1123 1810 1169 1861 ea
1198 1787 1244 1862 de
1273 1811 1315 1862 re
1341 1775 1493 1877 habitis,
1520 1803 1593 1857 uuo

464 1914 613 1989 tandem
632 1914 790 1989 omnium
818 1935 1001 1987 consensu
1032 1913 1201 1989 societati
1229 1912 1412 1987 'Furcicae
1440 1912 1595 1986 nuncius

465 2041 642 2116 remissus
661 2041 742 2115 fuit.
760 2037 903 2130 Quibus
924 2039 1094 2113 omnibus
1123 2040 1247 2130 rebus,
1276 2047 1473 2138 postquam
1501 2039 1595 2113 satis

465 2167 632 2260 fiduciae,
652 2191 696 2242 ac
715 2165 927 2242 securitatis
947 2166 1176 2241 adversariis
1194 2166 1395 2260 iniecisset,
1425 2163 1596 2262 sequenti

466 2293 526 2370 die
546 2291 726 2370 dominico
756 2315 882 2370 omnes
914 2293 962 2366 ad
993 2315 1035 2366 se
1064 2291 1177 2367 acciri
1195 2292 1317 2384 iussit,
1337 2315 1381 2368 eo
1401 2293 1539 2383 colore,
1557 2298 1597 2364 ut

467 2419 687 2516 quibusdam
706 2418 815 2494 seriis
834 2419 948 2493 rebus
966 2417 1138 2493 tractatis
1158 2441 1200 2493 se
1218 2441 1330 2494 saera
1359 2440 1594 2493 accessurum

465 2547 616 2620 honoris
637 2567 750 2620 causa
770 2544 1003 2620 deducerent.
1026 2546 1082 2618 Eo
1101 2544 1166 2620 ubi
1186 2568 1314 2620 omnes
1333 2545 1501 2620 adunum
1512 2567 1595 2620 eon·

464 2671 664 2761 venisseut,
685 2677 722 2744 et
740 2669 813 2744 iam
833 2671 977 2767 ingenti
996 2670 1180 2746 homiuum
1198 2672 1430 2748 multitudine
1458 2671 1496 2746 in
1515 2672 1595 2771 pla·

464 2797 534 2871 teis
571 2795 776 2870 deducendi
815 2819 927 2872 causa
957 2806 1216 2889 commorante,
1256 2798 1456 2894 Magnetes
1485 2795 1595 2873 etiam

466 2921 697 3019 Principem,
749 2921 857 3017 quasi
883 2922 1034 2996 iamiam
1063 2923 1305 3021 proditurum,
1322 2924 1598 3022 praestolaren-

464 3059 547 3124 tur:
564 3048 739 3124 inclamat
758 3046 940 3148 Princeps
968 3070 1036 3146 per
1064 3050 1268 3124 fenestram
1296 3050 1429 3148 palatii
1447 3055 1595 3149 praeto·

468 3175 606 3264 rienes,
627 3183 664 3249 et
683 3199 730 3248 an
749 3174 859 3248 fidem
880 3175 953 3248 sibi
971 3171 1166 3273 praestare
1195 3176 1345 3268 vellent,
1375 3177 1594 3273 interrogat

464 3298 527 3373 Illi
545 3305 699 3396 paratos
721 3321 763 3373 se
784 3298 832 3371 ad
853 3299 975 3373 omnia
993 3300 1075 3374 lore
1085 3301 1322 3398 respondent,
1341 3323 1502 3398 moxque
1516 3301 1595 3375 sine

464 3444 568 3498 mora
586 3421 672 3497 dato
693 3422 806 3516 signo
838 3423 1072 3500 centuriones
1101 3423 1148 3497 ad
1179 3423 1217 3498 id
1237 3424 1371 3499 delecti
1390 3423 1596 3524 irrumpunt

349 3633 352 3644 ¹
464 3549 501 3623 in
528 3547 596 3622 illa
624 3547 776 3645 palatia,
815 3549 1016 3646 inquibus
1051 3573 1226 3646 proceres
1262 3554 1594 3639 commorabantur,

465 3696 602 3770 eosque
623 3672 817 3748 confestim
838 3677 1127 3773 comprehensos
1157 3677 1330 3753 vinciunt.
1355 3679 1444 3752 Mox
1464 3678 1593 3752 sedato

463 3801 628 3890 tumultu,
649 3799 711 3897 qui
731 3799 864 3896 ingens
885 3826 931 3876 ex
952 3803 1163 3898 ignorantia
1181 3803 1237 3878 rei
1257 3811 1360 3878 ortus
1388 3804 1522 3895 luerat,
1543 3803 1594 3877 di·

464 3924 632 4000 versoria
650 3924 854 4000 vinctorum
883 3951 1079 4024 procerum
1108 3937 1344 4027 occupantur,
1374 3934 1412 4001 et
1438 3927 1593 4027 nequid

464 4048 660 4124 seditionis
680 4073 703 4122 a
722 4049 932 4145 clientibus,
971 4051 1195 4148 famulisque
1225 4075 1350 4128 eorum
1374 4061 1593 4149 emergeret,

463 4173 602 4250 clausis
632 4175 800 4250 omuibus
829 4175 961 4274 portis,
1001 4176 1191 4253 custodiae
1228 4177 1369 4253 civitati
1398 4187 1591 4277 ponuntur.

464 4303 610 4378 Exacto
630 4299 684 4372 ita
703 4299 824 4375 triduo
847 4301 916 4374 sub
938 4324 1121 4394 auroram,
1142 4325 1214 4400 quo
1242 4303 1390 4402 penitus
1409 4312 1592 4379 momento

464 4427 650 4503 inauditae
670 4427 933 4522 magnitudinis
954 4429 1171 4525 grandinem
1199 4429 1325 4505 multis
1352 4431 1389 4503 in
1418 4430 1511 4504 locis
1530 4429 1589 4503 de-

464 4553 599 4628 cidisse
629 4553 899 4650 deprehensnm
929 4564 999 4646 est,
1030 4555 1246 4632 Alexander
1269 4555 1407 4647 Kendi,
1429 4558 1591 4631 Ioannes

465 4679 557 4774 rffiu,
574 4677 731 4754 Gabriel
751 4680 888 4774 Kendi,
912 4685 1071 4756 loannes
1094 4683 1227 4774 Forrd,
1256 4681 1464 4778 Gregorius
1489 4680 1589 4755 Lite·
