3625 5534
478 463 530 540 32
869 489 918 540 ro.
939 485 1040 539 onon
1057 486 1209 540 ιιιιοιιι

478 663 596 740 literis
616 663 798 762 eiusdem,
819 665 965 762 etipse,
986 689 1057 762 quo
1076 668 1159 742 looo
1178 665 1229 742 ibi
1250 688 1311 741 res
1332 673 1480 754 essent,
1501 671 1601 740 retu-

479 790 540 883 lit,
569 797 605 865 et
623 789 799 866 litterae
790 792 907 889 ipsius
926 791 1021 868 idem
1053 792 1316 868 eontinebant:
1347 793 1602 868 Mahumetum

481 913 701 1010 Chausium,
727 927 764 993 et
790 920 991 996 Ibraimum
1019 920 1193 996 authores
1223 919 1361 997 Sinano
1392 920 1529 996 luisse
1562 925 1604 992 ut

482 1053 612 1120 ounota
640 1070 708 1145 pro
738 1070 862 1122 eorum
892 1047 1045 1150 arbitrio
1073 1045 1238 1145 Prinoipi
1266 1047 1602 1144 perscribuntur,
1727 1089 1728 1098 ι

482 1171 580 1269 quod
602 1195 646 1249 eo
665 1181 807 1250 tantum
834 1175 882 1248 ab
912 1173 966 1249 eis
992 1175 1116 1274 tieret,
1144 1182 1183 1250 ut
1212 1174 1372 1271 aliquem
1400 1172 1472 1248 sibi
1500 1170 1605 1270 apud

481 1320 562 1374 eum
572 1300 716 1395 gratiae
727 1302 847 1376 loeum
864 1300 1081 1376 invenirent.
1101 1300 1239 1376 Verum
1249 1322 1373 1376 eorum
1389 1296 1605 1374 artesomni
1728 1367 1729 1388 ,

481 1423 602 1501 studio
621 1447 706 1501 esse
725 1427 938 1520 eludendas,
957 1435 996 1503 ut
1015 1450 1097 1502 oum
1115 1449 1183 1504 sua
1202 1450 1269 1526 spe
1288 1426 1525 1518 excidissent,
1546 1421 1606 1497 Si·-

483 1572 578 1625 nano
600 1574 764 1649 quoque,
784 1560 957 1650 quantum
976 1554 1029 1628 eis
1048 1554 1086 1627 in
1104 1560 1292 1651 posterum
1309 1553 1472 1629 tribuere
1492 1551 1605 1626 debe-

483 1684 552 1762 ret
571 1677 907 1755 documentoesset.
929 1680 1014 1756 Non
1034 1678 1177 1755 videtur
1201 1688 1322 1755 autem
1341 1679 1426 1756 huie
1444 1678 1528 1754 loeo
1549 1676 1604 1750 in·

484 1803 724 1898 conveniens,
744 1806 776 1880 si
797 1805 842 1881 de
859 1805 931 1882 hoo
949 1806 1124 1898 lbraimo,
1143 1805 1246 1884 ouius
1263 1807 1374 1882 toties
1392 1807 1433 1880 fit
1452 1804 1605 1894 mentio,

483 1952 602 2028 pauoa
620 1930 690 2008 hoo
708 1930 791 2009 looo
811 1931 988 2009 dieamus.

815 2326 991 2406 OAPVT
1019 2323 1276 2406 DECIMVM.

560 2491 615 2568 De
638 2491 757 2567 Pardo
778 2491 1002 2588 Morklrdzo'o,
1019 2507 1143 2590 postea
1161 2492 1324 2567 Ibroimo
1345 2492 1539 2590 appellato.

593 2657 689 2732 Erat
715 2655 801 2731 huio
818 2655 980 2731 Ibraimo
999 2663 1108 2731 antea
1127 2678 1257 2730 nomen
1272 2655 1411 2732 Paulus
1426 2657 1609 2733 Markha-

485 2783 576 2878 zius,
595 2783 657 2882 qui
676 2806 757 2859 oum
776 2807 822 2858 ex
841 2782 1011 2879 Vngaria
1029 2782 1185 2882 primurn
1203 2790 1289 2881 post
1307 2782 1487 2882 proditam
1508 2783 1608 2860 Tur·

486 2911 539 2985 eis
567 2908 923 2986 Ainaozkeviensem
957 2931 1096 3004 aroem,
1125 2918 1222 2986 metu
1249 2932 1390 3010 poenae
1418 2912 1455 2985 in
1484 2913 1610 2988 Tran-

488 3037 697 3136 sylvaniam
715 3036 965 3137 profugisset,
994 3060 1078 3112 mox
1105 3036 1189 3111 inde
1210 3059 1373 3135 quoque,
1403 3038 1502 3114 faoto
1523 3062 1609 3115 oum

486 3187 602 3241 uxore
621 3165 794 3263 opulenta
817 3163 977 3238 foemina
996 3162 1165 3256 divortio,
1186 3185 1266 3238 oum
1283 3163 1438 3262 flagitiis
1456 3173 1495 3240 et
1513 3165 1609 3241 infa-

487 3291 561 3366 mia
579 3298 746 3382 notatus,
775 3290 874 3365 ferre
898 3290 1052 3366 ulterius
1070 3298 1304 3390 conspectum
1330 3289 1512 3368 hominum
1532 3317 1610 3371 non

487 3426 625 3517 posset,
644 3419 693 3494 ad
712 3415 937 3517 Stephanum
948 3415 1089 3514 Regem
1099 3415 1277 3494 Poloniae
1296 3441 1337 3492 se
1355 3418 1608 3517 profecturum

487 3529 683 3638 simulans,
713 3547 807 3620 olam
835 3543 883 3619 ad
912 3545 1056 3620 Turoas
1082 3543 1225 3620 defeoit.
1253 3545 1454 3645 Postquam
1484 3555 1609 3623 autem

489 3667 848 3768 Constantinopolim
861 3670 1038 3768 pervenit,
1057 3670 1206 3768 ingenio
1226 3694 1292 3746 suo
1313 3672 1437 3748 statim
1449 3670 1609 3766 detesto,

488 3821 606 3898 genus
625 3797 845 3891 ementitum,
856 3796 992 3896 speeie,
1007 3798 1177 3896 cultuque
1188 3799 1366 3898 eorporis,
1376 3800 1498 3897 amplo
1517 3799 1609 3874 item

489 3924 685 4019 famulitio,
705 3945 885 4022 opumque
905 3925 1151 4001 ostentatione
1170 3925 1380 4024 professus:
1409 3922 1486 4000 alta
1506 3925 1610 4003 illioo

491 4074 664 4150 sperare,
692 4058 767 4127 tum
785 4049 944 4148 gratiam
964 4047 1157 4144 Caesaris,
1179 4054 1293 4128 multa
1311 4050 1357 4128 de
1376 4051 1610 4151 Transylva-

489 4178 548 4254 nis
568 4177 794 4270 mentiendo,
822 4177 979 4276 plurima
995 4177 1040 4253 de
1060 4202 1101 4254 se
1124 4179 1205 4278 ipso
1224 4177 1470 4278 promittendo
1498 4201 1609 4254 aueu-

489 4305 582 4406 pari,
601 4305 698 4381 alios
717 4329 764 4380 ex
783 4304 891 4380 aulae
900 4303 1123 4404 primoribus
1141 4305 1413 4402 largitionibus,
1429 4303 1524 4380 alios
1544 4307 1609 4382 ob-

490 4431 649 4530 sequiis,
679 4431 943 4530 blanditiisque
964 4431 1143 4509 demereri
1162 4433 1293 4532 eoepit.
1318 4430 1409 4507 Cum
1429 4430 1552 4508 soelus
1570 4432 1610 4506 in

489 4579 616 4634 omnes
634 4566 761 4658 partes
779 4564 942 4634 verteret
961 4558 1040 4634 eius
1060 4559 1232 4652 animum,
1253 4557 1467 4657 videretque
1486 4557 1611 4634 omnia

492 4684 590 4783 apud
607 4693 739 4780 gentes
757 4682 843 4760 illas
862 4683 1010 4760 venalia
1029 4705 1124 4778 esse,
1144 4706 1189 4761 eo
1209 4684 1391 4761 amentiae
1409 4691 1612 4783 provectus
