3625 5534
487 517 541 596 34
876 537 925 590 10.
946 538 1045 589 nucn
1064 536 1212 589 annovrr

486 728 527 795 nt
544 717 607 793 ille
626 741 667 792 se
695 717 816 813 magis
853 714 1046 811 magisque
1073 713 1295 804 insinuaret,
1324 711 1372 786 ad
1399 719 1507 786 notas
1535 705 1610 783 sibi

486 852 610 936 artes,
626 841 819 936 adulandi,
844 838 1109 932 calumniandi,
1138 836 1406 935 mentiendique
1425 834 1609 932 confugit,

487 977 524 1047 et
540 969 675 1070 partim
694 966 872 1045 elevando
891 989 953 1042 res
973 965 1245 1061 Hungarorum,
1265 973 1302 1040 et
1321 960 1609 1050 Germanorum,

485 1096 619 1196 partim
638 1092 913 1192 Transylvanis
924 1090 1160 1183 detrahendo,
1181 1115 1204 1166 a
1223 1089 1355 1189 quibus
1374 1089 1476 1167 illum
1494 1091 1610 1167 vebe·

486 1229 626 1298 menter
645 1243 815 1296 aversum
835 1218 1004 1312 videbat,
1032 1241 1105 1292 non
1124 1215 1297 1314 exignum
1314 1216 1386 1293 sibi
1405 1216 1503 1316 apud
1524 1239 1611 1293 enm

486 1347 630 1443 gratiae
650 1345 770 1423 lccnm
784 1343 1006 1421 conciliavit.
1021 1343 1183 1420 Proinde
1193 1337 1363 1435 Sinarus,
1373 1342 1452 1417 sire
1472 1350 1609 1420 nteum

487 1473 560 1548 sibi
577 1473 648 1548 hcc
665 1471 847 1548 beneficio
865 1478 981 1546 totum
1001 1467 1220 1562 devinciret,
1246 1469 1325 1544 sive
1352 1476 1393 1544 ut
1420 1468 1503 1544 odic
1533 1470 1610 1546 iam

486 1622 553 1675 suc
571 1621 687 1697 prope
706 1597 905 1674 Vatiniana
924 1595 962 1670 in
981 1597 1285 1695 Trausylvancs,
1311 1595 1414 1671 cuins
1441 1619 1518 1672 ncn
1543 1597 1609 1670 cb-

487 1745 597 1799 scura
624 1745 771 1821 semper
789 1721 926 1797 indicia
951 1720 1204 1821 praebuisset,
1233 1721 1357 1819 palam
1384 1720 1609 1818 indulgeret,

487 1873 568 1926 eum
595 1848 782 1949 extemplo
816 1847 1057 1925 Praefectura
1091 1847 1270 1947 Lippensi
1303 1847 1608 1946 Transylvaniae

486 1976 713 2053 contermina
732 1975 892 2052 donavit.
922 1976 1105 2051 Ibraimus
1132 1983 1235 2050 tanto
1254 1998 1401 2051 munere
1420 1997 1443 2049 a
1462 1971 1608 2051 Sinauc

486 2102 664 2196 affectus,
678 2109 716 2177 et
733 2102 873 2178 ascitus
899 2100 938 2176 in
958 2124 1083 2176 comm
1110 2123 1315 2193 numerum,
1337 2122 1488 2197 quorum
1507 2123 1607 2176 com-

487 2227 630 2304 modam
651 2227 724 2302 sibi
743 2251 787 2303 ec
806 2224 906 2304 bello
925 2226 1006 2300 fore
1034 2225 1179 2300 videret
1197 2247 1358 2324 operam,
1377 2225 1534 2324 primum
1554 2227 1606 2302 le-

485 2355 781 2452 gationemillam
797 2354 846 2430 ad
863 2353 1072 2452 Principem
1091 2351 1289 2428 decernere
1308 2353 1520 2448 Mabcmeti,
1541 2355 1606 2430 de-

485 2480 570 2557 inde
587 2481 816 2558 Ravazdium
845 2481 894 2556 ad
913 2483 1196 2579 'Fransylranos
1215 2479 1252 2554 in
1271 2479 1343 2555 fide
1362 2481 1606 2557 continendos

485 2608 523 2681 in
542 2608 675 2716 eastris
693 2631 840 2706 semper
859 2607 1003 2703 adesse,
1024 2605 1160 2683 Sinauo
1179 2607 1375 2706 persuasit.
1704 2585 1710 2604 ’

776 3001 952 3083 OAPVT
982 3002 1311 3128 vnbuomtvm.

485 3164 544 3240 De
561 3166 753 3242 Bavazdio
781 3170 921 3242 dorncm
950 3197 1029 3243 cam
1055 3173 1157 3244 nocis
1186 3169 1238 3242 cd
1256 3167 1463 3264 Principem
1484 3165 1601 3266 Sipia-

790 3297 963 3369 rnnndnm
984 3297 1128 3395 [tepentis
1146 3297 1301 3370 remisso.
1327 3317 1329 3322 ’

594 3454 697 3546 Quae
716 3480 796 3550 res,
825 3459 913 3533 licet
931 3459 1002 3534 iam
1022 3459 1230 3554 significata
1248 3458 1440 3535 Ravazdic
1457 3459 1603 3550 fuisset,

454 3598 458 3607 ‘
487 3581 534 3656 ab
554 3603 597 3654 eo
616 3605 759 3658 rursum
781 3592 904 3659 tamen
925 3565 1061 3660 mutato
1081 3585 1246 3680 consilio,
1265 3586 1325 3660 vel
1350 3585 1432 3660 ideo
1452 3586 1550 3683 quod
1568 3586 1602 3660 ei

487 3706 523 3780 in
542 3715 700 3782 mentem
719 3710 893 3803 venisset,
904 3712 1227 3810 utTransylvanis
1245 3712 1315 3787 hcc
1333 3710 1423 3788 belli
1437 3721 1601 3812 tempore

487 3834 614 3909 amicis
642 3842 826 3929 uteretur,
853 3843 893 3912 nt
922 3861 1001 3912 cum
1031 3838 1257 3915 commodum
1286 3847 1406 3932 esset,
1434 3839 1603 3914 incautos

487 3960 729 4060 opprimeret,
749 3964 809 4038 vel
826 3964 922 4060 quod
942 3965 1078 4040 nullum
1100 3989 1146 4040 ex
1166 3965 1440 4065 Trausylvanis
1460 3966 1497 4040 iu
1516 3967 1603 4040 aula

485 4072 788 4182 reliquendume
808 4112 848 4164 re
868 4113 937 4164 sua
956 4089 1115 4184 duceret,
1135 4090 1364 4166 Ravazdium
1385 4091 1529 4167 domum
1547 4115 1603 4166 re·

487 4210 602 4295 misit,
622 4213 777 4289 alterum
802 4239 889 4291 vero
920 4218 1095 4293 Ioannem
1122 4216 1327 4314 Bodcgium
1355 4226 1479 4293 castra
1498 4215 1603 4316 sequi

486 4334 604 4412 iussit.
626 4337 804 4414 Adiunxit
823 4348 944 4416 autem
960 4341 1151 4418 Ravazdic
1163 4339 1474 4439 OniaferBegum,
1494 4365 1604 4441 quen·

486 4461 568 4536 dam
588 4485 722 4556 senem,
741 4476 938 4560 versutum,
958 4475 996 4544 et
1016 4470 1139 4565 magui
1158 4469 1484 4568 in'Pransylvania
1501 4491 1602 4560 usus,

486 4609 532 4660 en
552 4613 675 4664 eorum
697 4591 865 4688 collegio,
885 4595 947 4690 qui
967 4595 1097 4670 affines
1116 4595 1278 4672 Ibraimo
1294 4597 1331 4671 in
1352 4596 1601 4690 contingendis

489 4711 667 4787 adversus
697 4716 982 4816 Trarrsylvanos
1011 4719 1222 4796 criminibus
1251 4722 1491 4796 habebantur.
1523 4721 1602 4798 Nec
