3625 5534
492 527 543 576 nn
562 527 643 581 nus.
661 527 746 580 uuo.
768 527 851 578 nec.
881 527 916 579 x.
935 529 968 579 u.
990 527 1039 577 rx.
1080 599 1086 608 υ
1268 502 1345 579 233

208 702 391 777 homines
410 702 543 777 armati
561 701 609 774 ad
628 701 911 800 oppugnandam
937 726 1057 777 arcem
1079 702 1345 800 progrederen-

209 837 291 902 tur.
314 829 372 902 Eo
392 829 575 927 expedito,
595 851 676 904 cum
685 829 814 904 hostes
832 830 1094 905 bombardario
1113 832 1265 927 pulvere
1285 829 1345 902 de·

211 954 344 1030 stitnti
364 955 543 1030 duntaxat
561 964 710 1030 nostros
729 955 994 1052 inspectarent,
1014 978 1082 1029 uec
1101 952 1343 1052 oppugnatio-

210 1104 306 1154 nem
345 1081 406 1155 diu
445 1083 544 1157 ferre
571 1091 736 1180 possent,
775 1083 1028 1181 cataphractis
1053 1082 1161 1157 Italis
1190 1082 1344 1179 primurn

212 1207 477 1299 subeuntibus,
497 1205 704 1305 Siculisque
724 1209 916 1284 acoeteris
928 1208 1105 1304 Vugaris,
1126 1207 1257 1282 deinde
1278 1226 1343 1280 eos

212 1331 545 1428 subseqnentibus,
574 1332 654 1408 Arx
675 1332 895 1433 Gyrgiovia,
916 1358 1010 1432 quae
1030 1342 1172 1409 centum
1202 1331 1347 1407 circiter

214 1457 362 1533 abhinc
390 1460 497 1535 annis
534 1462 695 1537 Turbine
731 1462 856 1560 paruit
882 1461 1058 1570 imperio,
1089 1459 1347 1535 defensoribus

213 1585 413 1680 destituta,
432 1587 618 1662 universis
637 1589 842 1665 Turcarnm
861 1588 978 1685 copiis
997 1585 1290 1685 inspectantibus
1310 1584 1347 1657 iu

211 1719 446 1810 potestatem
474 1713 819 1812 Transylvanornm
846 1714 1000 1789 redacta
1030 1721 1096 1788 est.
1137 1711 1212 1787 Sed
1239 1735 1347 1808 quum

212 1837 255 1913 in
275 1845 356 1912 tam
375 1845 516 1912 remoto
535 1863 559 1912 a
576 1839 852 1938 Transylvania
871 1841 963 1928 loco,
991 1863 1063 1914 uon
1083 1840 1163 1914 siue
1182 1835 1348 1937 periculo

215 1962 374 2039 defendi
393 1987 473 2038 eam
491 1988 606 2062 posse
626 1964 805 2065 Princeps
816 1967 969 2058 videret,
989 1966 1194 2062 ignetectis
1212 1964 1348 2038 iniecto
1467 2057 1469 2062 Ι

214 2113 348 2166 arcem
365 2088 594 2184 inflammari,
622 2099 771 2189 pontem
800 2094 909 2168 etiam
937 2091 1107 2183 rescindi,
1135 2099 1172 2164 et
1190 2089 1348 2178 navium,

215 2241 270 2291 ex
291 2215 427 2312 quibus
445 2239 539 2315 pons
559 2220 765 2310 constabat,
785 2220 953 2294 tabulata
973 2218 1076 2293 exuri
1101 2216 1220 2291 iussit.
1259 2213 1347 2304 Qui·
1449 2241 1452 2248 ¹

214 2344 293 2418 bus
312 2343 425 2417 rebus
445 2344 635 2436 confectis,
654 2345 782 2442 copias
801 2343 982 2441 Princeps
1011 2351 1171 2419 actutum
1190 2337 1348 2428 reduxit,

218 2476 260 2543 et
291 2467 342 2543 ad
370 2465 586 2565 Gergiciam
613 2492 731 2567 usque
759 2470 931 2568 oppidum
960 2469 1165 2544 Valaehiae
1185 2464 1345 2565 Alpibus

216 2594 383 2670 vicinum
402 2595 595 2672 comitatus
616 2601 684 2671 est.
713 2596 772 2671 Ibi
800 2597 913 2670 rebus
941 2593 1156 2694 provinciae
1175 2576 1261 2667 cnm¹
1276 2589 1346 2664 Pa-

215 2717 340 2796 latino
360 2722 584 2819 compositis,
604 2720 832 2821 Stephanum
846 2721 1073 2797 Boezkaium
1093 2744 1172 2800 eum
1183 2717 1348 2794 exercitu

215 2847 385 2945 reliquit.
423 2850 512 2946 Ipse
539 2849 668 2947 paucis
697 2848 956 2924 comitantibus
985 2847 1113 2945 copias
1132 2844 1349 2943 praecessit,

216 2998 267 3048 ac
296 2974 446 3047 taudem
475 2975 661 3072 superatis
692 2973 854 3072 Alpibus
882 2995 1009 3048 mense
1036 2971 1239 3047 novembri.
1270 2991 1348 3044 cum

217 3098 369 3174 solenni
396 3099 580 3198 triumpho
614 3122 731 3174 ovans
750 3097 935 3176 Coronam
964 3098 1084 3187 veuit,
1121 3094 1347 3171 Bocnkainm

217 3224 276 3298 ibi
306 3248 386 3300 eum
406 3226 571 3300 exercitu
599 3227 856 3301 adventantem
874 3223 1181 3322 praestolaturus.
1219 3217 1348 3293 Simul-

217 3374 267 3425 ae
287 3351 322 3424 is
343 3352 455 3442 affuit,
485 3350 648 3426 dimissis
675 3351 713 3426 iu
733 3374 821 3427 snas
840 3352 1015 3447 regiones
1036 3347 1271 3424 Germanicis
1291 3367 1349 3420 eo-

221 3476 312 3576 piis,
333 3475 405 3551 dno
424 3476 573 3551 circiter
601 3499 675 3573 qna
694 3478 865 3574 equitum,
885 3501 958 3574 qua
976 3477 1139 3575 peditum
1159 3473 1275 3548 millia
1294 3493 1346 3546 se·

218 3602 328 3699 legit,
359 3624 497 3700 eosque
526 3601 715 3702 Stephano
738 3602 951 3678 Moldaviae
970 3600 1141 3677 Palatino
1171 3598 1349 3694 adiungit,

217 3730 286 3828 qni
315 3753 397 3804 eum
420 3731 458 3804 iu
476 3729 705 3827 provinciam
734 3728 968 3805 deducerent.
1005 3732 1065 3804 Ita
1083 3728 1226 3824 reliquo
1245 3747 1348 3798 exer-

218 3857 300 3932 citu
327 3856 366 3930 iu
392 3855 561 3954 hyberna
585 3856 754 3956 dimisso,
782 3862 979 3955 postquam
1011 3875 1150 3953 paucos
1178 3850 1348 3927 Coronae

218 3983 306 4058 dies
325 3989 572 4058 commoratus
590 3982 735 4071 fnisset,
763 3981 899 4057 Albam
919 3980 1053 4055 Iuliam
1078 4000 1253 4065 reversus
1272 3983 1340 4058 est,

218 4117 260 4184 et
280 4115 477 4204 antequam
493 4106 657 4183 Penates
666 4108 859 4199 reviseret,
878 4108 1052 4204 templum
1072 4106 1267 4200 ingressus
1286 4125 1343 4177 ar-

217 4235 354 4309 dentes
374 4233 458 4308 Deo
475 4255 545 4332 pro
565 4256 746 4311 concessa
772 4231 930 4308 victoria
959 4231 1103 4327 gratias
1123 4229 1210 4326 egit.
1242 4226 1347 4304 Sina-

217 4382 293 4434 nus
321 4381 412 4434 vero
432 4356 790 4460 Constantinopolim
817 4360 958 4455 ingenti
987 4381 1067 4433 cum
1087 4355 1263 4432 Caesaris
1291 4354 1345 4429 oi-

214 4484 389 4561 sensioue
418 4506 614 4576 reversus,
652 4508 720 4562 seu
752 4507 905 4575 revera,
943 4505 1010 4557 seu
1048 4477 1281 4556 simulatione
1309 4477 1347 4551 in

214 4633 374 4706 gravem
393 4611 585 4686 confestim
596 4613 763 4687 morbum
779 4609 917 4685 incidit.
932 4607 1135 4704 Postquam
1147 4629 1190 4679 eo
1206 4603 1345 4700 aliquot

216 4738 300 4811 dies
319 4735 552 4812 conflictatus
571 4736 713 4831 luisset,
741 4735 942 4814 identidem
970 4732 1275 4834 aTrausylvano
1296 4752 1336 4804 se
