3625 5534
457 507 564 574 XLIV
840 503 1188 574 nnosrttnosiuara

566 692 672 768 Nune
690 712 790 785 vero,
809 713 888 767 eum
909 689 1119 766 laudabiles
1146 709 1272 765 eorum
1300 694 1455 762 nonatus
1473 707 1585 782 prae-

459 826 602 897 matura
638 823 756 893 morte
783 816 858 892 sint
884 815 1091 914 interrupti,
1129 814 1299 913 quamvis
1327 835 1396 888 neo
1419 810 1494 886 otio
1513 832 1588 884 nee

458 945 606 1043 ingenio
634 944 683 1021 ad
709 943 909 1043 proverbia
935 948 997 1018 sat
1023 941 1285 1018 convenienter
1319 935 1586 1016 transferenda

457 1081 545 1173 apto
572 1095 631 1148 me
659 1071 849 1148 abundare
875 1071 1049 1161 viderem,
1086 1076 1208 1144 tamen
1237 1067 1362 1145 multis
1380 1067 1427 1141 de
1454 1061 1586 1141 oausia

456 1199 556 1274 nolui
592 1196 906 1297 praetermittere,
945 1195 1032 1294 quin
1056 1192 1338 1272 Graeoolatina
1369 1191 1506 1290 adagio
1541 1192 1585 1267 in

456 1332 621 1402 nostrum
642 1345 846 1400 termonem
865 1321 1126 1399 transfundere
1148 1343 1316 1397 eonarer.
1346 1318 1519 1404 Primum,
1538 1327 1585 1395 ut

457 1461 495 1528 et
512 1451 689 1550 meipsum
707 1459 747 1526 et
763 1451 859 1528 alios
878 1471 1015 1541 omnes,
1036 1447 1098 1546 qui
1116 1447 1227 1524 simili
1245 1446 1449 1524 studiorum
1467 1465 1583 1541 gene

456 1603 498 1654 re
522 1578 762 1670 deleotantnr,
790 1578 838 1654 ad
866 1576 1005 1675 adagio
1041 1575 1241 1671 diligenter
1277 1574 1472 1664 versanda,
1507 1572 1584 1648 hoo

457 1704 655 1803 speoimine
683 1703 869 1780 allioerem
892 1731 899 1777 :
921 1702 1008 1779 aliia
1035 1712 1169 1795 autem,
1198 1702 1259 1800 qui
1287 1724 1355 1799 per
1382 1699 1582 1796 graviores

457 1830 718 1928 ooeupationes
746 1816 960 1906 immensum
987 1829 1080 1906 illud
1106 1851 1201 1928 opus
1239 1827 1473 1905 convenienti
1499 1825 1584 1902 dili-

457 1955 584 2053 gentia
612 1956 786 2033 euoluere
813 1979 886 2034 non
913 1962 1077 2055 possunt,
1106 1956 1177 2032 hoe
1203 1951 1335 2032 saltem
1363 1951 1583 2052 compendio

455 2079 926 2181 Graeoo·latino·ungarieo
940 2083 1184 2160 oonsulerem.
1195 2081 1312 2158 Nemo
1320 2083 1415 2156 enim
1423 2104 1461 2154 ae
1475 2089 1584 2177 potet

456 2233 528 2284 eoae
547 2211 740 2294 auditum,
759 2209 815 2284 vel
843 2207 971 2283 saltent
988 2208 1129 2283 aolidae
1146 2207 1363 2282 erueditionia
1380 2204 1579 2296 dammum,

455 2340 514 2410 eui
533 2335 758 2435 Adoqiorttm
776 2355 869 2431 opus
884 2334 1102 2410 vehementer
1118 2358 1192 2408 teon
1211 2333 1388 2408 arrideat.

561 2459 706 2536 Deinde
726 2459 895 2558 quamvis
914 2460 986 2535 boo
1002 2456 1217 2558 opuseulum
1235 2459 1274 2536 in
1289 2480 1391 2535 meos
1409 2460 1578 2558 primum,

455 2610 500 2661 ao
526 2607 727 2684 paueorum
755 2586 945 2675 duntaxat,
981 2606 1072 2661 usus
1099 2585 1337 2682 collegerim:
1355 2592 1478 2660 tamen
1496 2608 1581 2662 eum

454 2719 632 2810 putarem,
652 2735 724 2787 non
743 2709 917 2809 exigurum
935 2709 1022 2786 bino
1039 2708 1210 2788 utilitatis
1229 2711 1399 2790 omnibns
1418 2711 1579 2789 omnium

455 2838 620 2914 ordinum
658 2837 866 2914 hominibus
907 2835 1068 2915 literatis
1104 2837 1299 2935 obtingere
1327 2839 1582 2937 posoe:.nolui

454 2964 668 3043 thesaurum
704 2964 803 3041 bone
826 2965 1020 3042 multorum
1056 2964 1203 3063 quidem
1221 2965 1406 3044 hominum
1441 2967 1580 3045 indioio

456 3116 666 3193 pauperem,
686 3091 753 3169 sed
772 3115 814 3169 re
833 3091 918 3192 ipsa
936 3115 982 3168 ao
1000 3091 1210 3170 multifariis
1228 3092 1447 3170 utilitatibus
1466 3095 1579 3193 longe

456 3219 685 3312 ditissimum,
705 3219 945 3311 absoondera,
977 3218 1044 3296 sed
1062 3217 1241 3307 omnibus,
1270 3227 1446 3317 quantmn
1462 3219 1502 3296 in
1518 3243 1578 3297 me

458 3353 569 3438 esset,
589 3345 867 3438 communicare,
896 3368 942 3421 ae
960 3343 1009 3421 ad
1027 3343 1107 3420 eius
1124 3366 1287 3422 amorem
1308 3345 1503 3424 universos
1520 3369 1579 3422 aa·

456 3470 619 3571 pientiae
638 3471 824 3548 studiosos
842 3469 1080 3548 inflammare.

562 3596 636 3673 His
655 3621 747 3694 ergo
766 3604 804 3674 et
831 3596 919 3674 aliis
946 3596 992 3673 de
1020 3597 1153 3690 causis,
1191 3620 1273 3674 oum
1291 3598 1388 3676 huno
1410 3598 1577 3676 laborem

458 3723 706 3822 suseeperim:
727 3747 883 3823 aequum
902 3732 970 3817 est,
989 3722 1303 3802 utleotoreshane
1322 3748 1440 3802 meam
1458 3747 1579 3823 prorn-

456 3850 646 3928 titudinem
674 3851 784 3950 aequi
820 3851 980 3949 bonique
1007 3853 1210 3930 cumulant
1247 3852 1385 3930 Fateor
1407 3876 1500 3932 sane
1517 3853 1579 3930 bio

457 4000 528 4055 non
564 4002 684 4080 panea
702 4005 725 4056 a
743 4002 801 4054 me
829 3977 1034 4057 desiderari
1068 4001 1191 4078 posse,
1228 4001 1324 4079 qnae
1350 3981 1578 4081 praestanda

456 4105 613 4182 fuerant.
644 4105 739 4183 Nam
768 4113 806 4182 et
824 4103 1104 4204 proverbiorum
1122 4105 1213 4182 ordo
1232 4115 1292 4183 eat
1308 4114 1371 4184 sat
1387 4107 1575 4202 confusus,

457 4233 621 4310 etmulta
649 4255 696 4309 ex
724 4231 772 4309 iis
799 4237 864 4308 aut
890 4229 1086 4309 minutiora
1104 4238 1199 4323 sunt,
1238 4255 1348 4331 quam
1365 4233 1463 4310 utin
1480 4234 1579 4312 huno

456 4358 664 4454 ortalogon
688 4355 820 4433 reterri
830 4362 1077 4432 mererentur:
1097 4361 1160 4433 aut
1178 4357 1445 4452 certantium,
1465 4381 1576 4458 quam

457 4507 556 4562 ame
574 4484 710 4560 saelum
738 4489 804 4574 est,
829 4481 1025 4559 banalerri
1053 4481 1238 4558 debebant
1264 4493 1378 4582 atque
1395 4493 1576 4585 poterant

458 4609 532 4692 Sed
551 4632 630 4685 euro
650 4609 843 4686 auoeisivis
871 4608 967 4685 haee
982 4607 1107 4710 operia
1123 4607 1218 4686 inter
1245 4611 1436 4690 severiora
1453 4613 1578 4692 studia
