<?xml version="1.0" encoding="UTF-8"?>
<!DOCTYPE html PUBLIC "-//W3C//DTD XHTML 1.0 Transitional//EN"
    "http://www.w3.org/TR/xhtml1/DTD/xhtml1-transitional.dtd">
<html xmlns="http://www.w3.org/1999/xhtml" xml:lang="en" lang="en">
 <head>
  <title>
</title>
<meta http-equiv="Content-Type" content="text/html;charset=utf-8" />
  <meta name='ocr-system' content='tesseract 3.04.00' />
  <meta name='ocr-capabilities' content='ocr_page ocr_carea ocr_par ocr_line ocrx_word'/>
</head>
<body>
  <div class='ocr_page' id='page_1' title='image "./magyarhistorija00decsgoog_0359.png"; bbox 0 0 3625 5534; ppageno 0'>
   <div class='ocr_carea' id='block_1_1' title="bbox 499 465 1324 580">
    <p class='ocr_par' dir='ltr' id='par_1_1' title="bbox 499 465 1324 580">
     <span class='ocr_line' id='line_1_1' title="bbox 499 465 1324 580; baseline 0.006 -7"><span class='ocrx_word' id='word_1_1' title='bbox 499 523 548 572; x_wconf 84' lang='lat' dir='ltr'>ns</span> <span class='ocrx_word' id='word_1_2' title='bbox 567 523 648 574; x_wconf 85' lang='lat' dir='ltr'>usn.</span> <span class='ocrx_word' id='word_1_3' title='bbox 669 522 751 573; x_wconf 87' lang='lat' dir='ltr'>vuu.</span> <span class='ocrx_word' id='word_1_4' title='bbox 772 522 855 575; x_wconf 83' lang='lat' dir='ltr'>nne.</span> <span class='ocrx_word' id='word_1_5' title='bbox 877 521 913 573; x_wconf 85' lang='lat' dir='ltr'>x.</span> <span class='ocrx_word' id='word_1_6' title='bbox 933 523 967 574; x_wconf 82' lang='lat' dir='ltr'>n.</span> <span class='ocrx_word' id='word_1_7' title='bbox 985 465 1026 573; x_wconf 53' lang='lat' dir='ltr'>x:</span> <span class='ocrx_word' id='word_1_8' title='bbox 1246 499 1324 580; x_wconf 78' lang='lat'>269</span> 
     </span>
    </p>
   </div>
   <div class='ocr_carea' id='block_1_2' title="bbox 191 693 1411 4795">
    <p class='ocr_par' dir='ltr' id='par_1_2' title="bbox 191 693 1411 4795">
     <span class='ocr_line' id='line_1_2' title="bbox 197 693 1324 792; baseline -0.006 -18"><span class='ocrx_word' id='word_1_9' title='bbox 197 699 316 774; x_wconf 87' lang='lat' dir='ltr'>octies</span> <span class='ocrx_word' id='word_1_10' title='bbox 343 718 415 772; x_wconf 86' lang='lat' dir='ltr'>uuo</span> <span class='ocrx_word' id='word_1_11' title='bbox 442 696 644 792; x_wconf 89' lang='lat' dir='ltr'>eodemque</span> <span class='ocrx_word' id='word_1_12' title='bbox 674 696 733 770; x_wconf 87' lang='lat' dir='ltr'>die</span> <span class='ocrx_word' id='word_1_13' title='bbox 753 696 904 770; x_wconf 90' lang='lat' dir='ltr'>summis</span> <span class='ocrx_word' id='word_1_14' title='bbox 935 695 1095 783; x_wconf 87' lang='lat' dir='ltr'>viribus,</span> <span class='ocrx_word' id='word_1_15' title='bbox 1123 693 1324 791; x_wconf 90' lang='lat' dir='ltr'>ultimoque</span> 
     </span>
     <span class='ocr_line' id='line_1_3' title="bbox 197 817 1326 911; baseline -0.007 -13"><span class='ocrx_word' id='word_1_16' title='bbox 197 831 333 898; x_wconf 89' lang='lat' dir='ltr'>conatu</span> <span class='ocrx_word' id='word_1_17' title='bbox 351 827 567 910; x_wconf 83' lang='lat' dir='ltr'>tentaretur,</span> <span class='ocrx_word' id='word_1_18' title='bbox 585 821 714 911; x_wconf 82' lang='lat' dir='ltr'><strong>nostri,</strong></span> <span class='ocrx_word' id='word_1_19' title='bbox 743 843 817 894; x_wconf 93' lang='lat' dir='ltr'>non</span> <span class='ocrx_word' id='word_1_20' title='bbox 836 822 971 894; x_wconf 88' lang='lat' dir='ltr'>virtute</span> <span class='ocrx_word' id='word_1_21' title='bbox 992 817 1060 893; x_wconf 90' lang='lat' dir='ltr'>sed</span> <span class='ocrx_word' id='word_1_22' title='bbox 1078 839 1227 892; x_wconf 90' lang='lat' dir='ltr'>numero</span> <span class='ocrx_word' id='word_1_23' title='bbox 1246 827 1326 891; x_wconf 91' lang='lat' dir='ltr'>tan·</span> 
     </span>
     <span class='ocr_line' id='line_1_4' title="bbox 197 941 1324 1044; baseline -0.004 -22"><span class='ocrx_word' id='word_1_24' title='bbox 197 949 281 1024; x_wconf 84' lang='lat' dir='ltr'>dem</span> <span class='ocrx_word' id='word_1_25' title='bbox 300 968 396 1044; x_wconf 92' lang='lat' dir='ltr'>pene</span> <span class='ocrx_word' id='word_1_26' title='bbox 415 945 463 1020; x_wconf 89' lang='lat' dir='ltr'>ad</span> <span class='ocrx_word' id='word_1_27' title='bbox 491 953 677 1020; x_wconf 82' lang='lat' dir='ltr'>extremas</span> <span class='ocrx_word' id='word_1_28' title='bbox 706 945 902 1040; x_wconf 86' lang='lat' dir='ltr'>angustius</span> <span class='ocrx_word' id='word_1_29' title='bbox 922 943 1190 1039; x_wconf 81' lang='lat' dir='ltr'>redigerentur.</span> <span class='ocrx_word' id='word_1_30' title='bbox 1212 941 1324 1035; x_wconf 83' lang='lat' dir='ltr'>Quin·</span> 
     </span>
     <span class='ocr_line' id='line_1_5' title="bbox 195 1068 1323 1170; baseline -0.004 -23"><span class='ocrx_word' id='word_1_31' title='bbox 195 1096 270 1170; x_wconf 92' lang='lat' dir='ltr'>que</span> <span class='ocrx_word' id='word_1_32' title='bbox 307 1071 404 1148; x_wconf 90' lang='lat' dir='ltr'>enim</span> <span class='ocrx_word' id='word_1_33' title='bbox 434 1072 483 1146; x_wconf 87' lang='lat' dir='ltr'>ab</span> <span class='ocrx_word' id='word_1_34' title='bbox 511 1070 673 1146; x_wconf 81' lang='lat' dir='ltr'>adventu</span> <span class='ocrx_word' id='word_1_35' title='bbox 700 1071 827 1147; x_wconf 86' lang='lat' dir='ltr'>statim</span> <span class='ocrx_word' id='word_1_36' title='bbox 857 1069 1140 1169; x_wconf 88' lang='lat' dir='ltr'>propugnacula</span> <span class='ocrx_word' id='word_1_37' title='bbox 1162 1068 1323 1143; x_wconf 89' lang='lat' dir='ltr'>Barbari</span> 
     </span>
     <span class='ocr_line' id='line_1_6' title="bbox 196 1192 1323 1294; baseline -0.004 -22"><span class='ocrx_word' id='word_1_38' title='bbox 196 1197 461 1288; x_wconf 83' lang='lat' dir='ltr'>excitaverant,</span> <span class='ocrx_word' id='word_1_39' title='bbox 481 1203 519 1271; x_wconf 92' lang='lat' dir='ltr'>et</span> <span class='ocrx_word' id='word_1_40' title='bbox 538 1204 647 1294; x_wconf 87' lang='lat' dir='ltr'>capto</span> <span class='ocrx_word' id='word_1_41' title='bbox 667 1196 806 1293; x_wconf 93' lang='lat' dir='ltr'>oppido</span> <span class='ocrx_word' id='word_1_42' title='bbox 825 1193 1143 1293; x_wconf 81' lang='lat' dir='ltr'>propugnaculum</span> <span class='ocrx_word' id='word_1_43' title='bbox 1163 1193 1242 1269; x_wconf 88' lang='lat' dir='ltr'>arci</span> <span class='ocrx_word' id='word_1_44' title='bbox 1260 1192 1323 1268; x_wconf 92' lang='lat' dir='ltr'>ad·</span> 
     </span>
     <span class='ocr_line' id='line_1_7' title="bbox 196 1319 1324 1418; baseline -0.004 -20"><span class='ocrx_word' id='word_1_45' title='bbox 196 1323 325 1398; x_wconf 86' lang='lat' dir='ltr'>iacens</span> <span class='ocrx_word' id='word_1_46' title='bbox 344 1319 487 1396; x_wconf 86' lang='lat' dir='ltr'>decima</span> <span class='ocrx_word' id='word_1_47' title='bbox 504 1320 616 1395; x_wconf 89' lang='lat' dir='ltr'>tertia</span> <span class='ocrx_word' id='word_1_48' title='bbox 633 1321 919 1418; x_wconf 78' lang='lat' dir='ltr'>oppugnatione,</span> <span class='ocrx_word' id='word_1_49' title='bbox 945 1341 1040 1418; x_wconf 85' lang='lat' dir='ltr'>quae</span> <span class='ocrx_word' id='word_1_50' title='bbox 1058 1319 1156 1394; x_wconf 87' lang='lat' dir='ltr'>intra</span> <span class='ocrx_word' id='word_1_51' title='bbox 1173 1319 1324 1395; x_wconf 87' lang='lat' dir='ltr'>biduum</span> 
     </span>
     <span class='ocr_line' id='line_1_8' title="bbox 197 1443 1324 1542; baseline 0 -22"><span class='ocrx_word' id='word_1_52' title='bbox 197 1446 357 1520; x_wconf 92' lang='lat' dir='ltr'>omnium</span> <span class='ocrx_word' id='word_1_53' title='bbox 376 1452 457 1520; x_wconf 89' lang='lat' dir='ltr'>erat</span> <span class='ocrx_word' id='word_1_54' title='bbox 467 1443 747 1537; x_wconf 84' lang='lat' dir='ltr'>violentissima,</span> <span class='ocrx_word' id='word_1_55' title='bbox 766 1444 916 1522; x_wconf 87' lang='lat' dir='ltr'>tandem</span> <span class='ocrx_word' id='word_1_56' title='bbox 927 1452 1163 1542; x_wconf 88' lang='lat' dir='ltr'>occuparunt.</span> <span class='ocrx_word' id='word_1_57' title='bbox 1194 1444 1324 1520; x_wconf 78' lang='lat' dir='ltr'>Nostri</span> 
     </span>
     <span class='ocr_line' id='line_1_9' title="bbox 196 1571 1323 1671; baseline 0.001 -26"><span class='ocrx_word' id='word_1_58' title='bbox 196 1571 379 1671; x_wconf 76' lang='lat' dir='ltr'>postridie</span> <span class='ocrx_word' id='word_1_59' title='bbox 398 1592 549 1645; x_wconf 82' lang='lat' dir='ltr'>exerce</span> <span class='ocrx_word' id='word_1_60' title='bbox 574 1578 807 1666; x_wconf 81' lang='lat' dir='ltr'>erumpentes</span> <span class='ocrx_word' id='word_1_61' title='bbox 834 1573 1153 1670; x_wconf 80' lang='lat' dir='ltr'>propugnaculum</span> <span class='ocrx_word' id='word_1_62' title='bbox 1171 1571 1246 1646; x_wconf 92' lang='lat' dir='ltr'>iam</span> <span class='ocrx_word' id='word_1_63' title='bbox 1265 1593 1323 1648; x_wconf 92' lang='lat' dir='ltr'>oc-</span> 
     </span>
     <span class='ocr_line' id='line_1_10' title="bbox 198 1693 1323 1794; baseline 0 -24"><span class='ocrx_word' id='word_1_64' title='bbox 198 1704 369 1794; x_wconf 82' lang='lat' dir='ltr'>cupatum</span> <span class='ocrx_word' id='word_1_65' title='bbox 386 1694 528 1790; x_wconf 86' lang='lat' dir='ltr'>ingenti</span> <span class='ocrx_word' id='word_1_66' title='bbox 547 1693 753 1771; x_wconf 86' lang='lat' dir='ltr'>Turcarnm</span> <span class='ocrx_word' id='word_1_67' title='bbox 772 1709 901 1792; x_wconf 87' lang='lat' dir='ltr'>strage</span> <span class='ocrx_word' id='word_1_68' title='bbox 921 1696 1020 1772; x_wconf 94' lang='lat' dir='ltr'>edita</span> <span class='ocrx_word' id='word_1_69' title='bbox 1038 1717 1167 1771; x_wconf 81' lang='lat' dir='ltr'>rursm</span> <span class='ocrx_word' id='word_1_70' title='bbox 1188 1694 1323 1772; x_wconf 84' lang='lat' dir='ltr'>Turcis</span> 
     </span>
     <span class='ocr_line' id='line_1_11' title="bbox 200 1817 1325 1918; baseline 0 -22"><span class='ocrx_word' id='word_1_71' title='bbox 200 1821 422 1918; x_wconf 85' lang='lat' dir='ltr'>eripuerunt.</span> <span class='ocrx_word' id='word_1_72' title='bbox 453 1819 607 1894; x_wconf 88' lang='lat' dir='ltr'>Interim</span> <span class='ocrx_word' id='word_1_73' title='bbox 627 1820 773 1896; x_wconf 86' lang='lat' dir='ltr'>Turcae</span> <span class='ocrx_word' id='word_1_74' title='bbox 794 1821 840 1896; x_wconf 90' lang='lat' dir='ltr'>de</span> <span class='ocrx_word' id='word_1_75' title='bbox 859 1819 1021 1897; x_wconf 90' lang='lat' dir='ltr'>adventu</span> <span class='ocrx_word' id='word_1_76' title='bbox 1041 1817 1269 1916; x_wconf 75' lang='lat' dir='ltr'>sigismundi</span> <span class='ocrx_word' id='word_1_77' title='bbox 1287 1829 1325 1898; x_wconf 86' lang='lat' dir='ltr'>et</span> 
     </span>
     <span class='ocr_line' id='line_1_12' title="bbox 198 1943 1323 2035; baseline 0 -15"><span class='ocrx_word' id='word_1_78' title='bbox 198 1944 446 2022; x_wconf 82' lang='lat' dir='ltr'>Maximiliani</span> <span class='ocrx_word' id='word_1_79' title='bbox 464 1944 642 2020; x_wconf 82' lang='lat' dir='ltr'>certiores</span> <span class='ocrx_word' id='word_1_80' title='bbox 661 1943 763 2035; x_wconf 80' lang='lat' dir='ltr'>facti,</span> <span class='ocrx_word' id='word_1_81' title='bbox 783 1969 862 2021; x_wconf 88' lang='lat' dir='ltr'>unm</span> <span class='ocrx_word' id='word_1_82' title='bbox 882 1946 1052 2021; x_wconf 85' lang='lat' dir='ltr'>viderent</span> <span class='ocrx_word' id='word_1_83' title='bbox 1070 1945 1262 2020; x_wconf 89' lang='lat' dir='ltr'>tormentis</span> <span class='ocrx_word' id='word_1_84' title='bbox 1281 1967 1323 2020; x_wconf 90' lang='lat' dir='ltr'>se</span> 
     </span>
     <span class='ocr_line' id='line_1_13' title="bbox 198 2070 1322 2168; baseline 0.001 -23"><span class='ocrx_word' id='word_1_85' title='bbox 198 2093 330 2166; x_wconf 89' lang='lat' dir='ltr'>parum</span> <span class='ocrx_word' id='word_1_86' title='bbox 349 2071 541 2164; x_wconf 86' lang='lat' dir='ltr'>proficere,</span> <span class='ocrx_word' id='word_1_87' title='bbox 556 2077 766 2147; x_wconf 89' lang='lat' dir='ltr'>statuerunt</span> <span class='ocrx_word' id='word_1_88' title='bbox 784 2072 935 2162; x_wconf 83' lang='lat' dir='ltr'>fossam,</span> <span class='ocrx_word' id='word_1_89' title='bbox 969 2093 1064 2168; x_wconf 89' lang='lat' dir='ltr'>quae</span> <span class='ocrx_word' id='word_1_90' title='bbox 1083 2070 1180 2144; x_wconf 92' lang='lat' dir='ltr'>inter</span> <span class='ocrx_word' id='word_1_91' title='bbox 1200 2092 1322 2146; x_wconf 88' lang='lat' dir='ltr'>arcem</span> 
     </span>
     <span class='ocr_line' id='line_1_14' title="bbox 196 2193 1323 2291; baseline -0.002 -21"><span class='ocrx_word' id='word_1_92' title='bbox 196 2202 235 2270; x_wconf 92' lang='lat' dir='ltr'>et</span> <span class='ocrx_word' id='word_1_93' title='bbox 254 2194 380 2270; x_wconf 82' lang='lat' dir='ltr'>vineta</span> <span class='ocrx_word' id='word_1_94' title='bbox 398 2193 604 2285; x_wconf 81' lang='lat' dir='ltr'>interiacet,</span> <span class='ocrx_word' id='word_1_95' title='bbox 624 2204 783 2290; x_wconf 89' lang='lat' dir='ltr'>aggesta</span> <span class='ocrx_word' id='word_1_96' title='bbox 809 2195 966 2271; x_wconf 87' lang='lat' dir='ltr'>materia</span> <span class='ocrx_word' id='word_1_97' title='bbox 987 2195 1181 2291; x_wconf 91' lang='lat' dir='ltr'>complere.</span> <span class='ocrx_word' id='word_1_98' title='bbox 1215 2195 1323 2286; x_wconf 80' lang='lat' dir='ltr'>Quod</span> 
     </span>
     <span class='ocr_line' id='line_1_15' title="bbox 195 2316 1322 2418; baseline 0.007 -25"><span class='ocrx_word' id='word_1_99' title='bbox 195 2333 299 2394; x_wconf 90' lang='lat' dir='ltr'>uteo</span> <span class='ocrx_word' id='word_1_100' title='bbox 335 2316 549 2414; x_wconf 88' lang='lat' dir='ltr'>diligentius</span> <span class='ocrx_word' id='word_1_101' title='bbox 566 2319 712 2396; x_wconf 87' lang='lat' dir='ltr'>Turcae</span> <span class='ocrx_word' id='word_1_102' title='bbox 739 2323 918 2414; x_wconf 86' lang='lat' dir='ltr'>facerent,</span> <span class='ocrx_word' id='word_1_103' title='bbox 944 2320 1100 2418; x_wconf 90' lang='lat' dir='ltr'>ipsemet</span> <span class='ocrx_word' id='word_1_104' title='bbox 1118 2319 1322 2401; x_wconf 74' lang='lat' dir='ltr'>uncorum</span> 
     </span>
     <span class='ocr_line' id='line_1_16' title="bbox 196 2445 1321 2543; baseline 0.004 -25"><span class='ocrx_word' id='word_1_105' title='bbox 196 2445 404 2541; x_wconf 81' lang='lat' dir='ltr'>Imperator</span> <span class='ocrx_word' id='word_1_106' title='bbox 420 2467 489 2540; x_wconf 91' lang='lat' dir='ltr'>per</span> <span class='ocrx_word' id='word_1_107' title='bbox 508 2445 630 2519; x_wconf 91' lang='lat' dir='ltr'>omnia</span> <span class='ocrx_word' id='word_1_108' title='bbox 648 2451 775 2520; x_wconf 89' lang='lat' dir='ltr'>castra</span> <span class='ocrx_word' id='word_1_109' title='bbox 802 2445 992 2542; x_wconf 81' lang='lat' dir='ltr'>equitavit,</span> <span class='ocrx_word' id='word_1_110' title='bbox 1021 2454 1060 2520; x_wconf 88' lang='lat' dir='ltr'>et</span> <span class='ocrx_word' id='word_1_111' title='bbox 1084 2452 1125 2522; x_wconf 91' lang='lat' dir='ltr'>ut</span> <span class='ocrx_word' id='word_1_112' title='bbox 1152 2454 1321 2543; x_wconf 88' lang='lat' dir='ltr'>coeptum</span> 
     </span>
     <span class='ocr_line' id='line_1_17' title="bbox 195 2567 1319 2668; baseline 0.004 -23"><span class='ocrx_word' id='word_1_113' title='bbox 195 2591 290 2668; x_wconf 87' lang='lat' dir='ltr'>opus</span> <span class='ocrx_word' id='word_1_114' title='bbox 309 2567 534 2659; x_wconf 85' lang='lat' dir='ltr'>absolueret,</span> <span class='ocrx_word' id='word_1_115' title='bbox 564 2590 632 2666; x_wconf 91' lang='lat' dir='ltr'>pro</span> <span class='ocrx_word' id='word_1_116' title='bbox 651 2591 720 2646; x_wconf 90' lang='lat' dir='ltr'>sua</span> <span class='ocrx_word' id='word_1_117' title='bbox 738 2592 918 2667; x_wconf 90' lang='lat' dir='ltr'>quemque</span> <span class='ocrx_word' id='word_1_118' title='bbox 947 2569 1127 2665; x_wconf 91' lang='lat' dir='ltr'>dignitate</span> <span class='ocrx_word' id='word_1_119' title='bbox 1147 2570 1319 2649; x_wconf 82' lang='lat' dir='ltr'>adhorta-</span> 
     </span>
     <span class='ocr_line' id='line_1_18' title="bbox 196 2690 1316 2794; baseline -0.001 -23"><span class='ocrx_word' id='word_1_120' title='bbox 196 2701 296 2771; x_wconf 87' lang='lat' dir='ltr'>tatus</span> <span class='ocrx_word' id='word_1_121' title='bbox 316 2699 385 2770; x_wconf 85' lang='lat' dir='ltr'>est.</span> <span class='ocrx_word' id='word_1_122' title='bbox 408 2690 569 2768; x_wconf 89' lang='lat' dir='ltr'>Obsessi</span> <span class='ocrx_word' id='word_1_123' title='bbox 588 2716 677 2769; x_wconf 87' lang='lat' dir='ltr'>vero</span> <span class='ocrx_word' id='word_1_124' title='bbox 696 2694 828 2770; x_wconf 90' lang='lat' dir='ltr'>iterum</span> <span class='ocrx_word' id='word_1_125' title='bbox 857 2718 945 2770; x_wconf 89' lang='lat' dir='ltr'>arce</span> <span class='ocrx_word' id='word_1_126' title='bbox 965 2701 1208 2794; x_wconf 85' lang='lat' dir='ltr'>erumpentes,</span> <span class='ocrx_word' id='word_1_127' title='bbox 1227 2698 1316 2774; x_wconf 93' lang='lat' dir='ltr'>mul-</span> 
     </span>
     <span class='ocr_line' id='line_1_19' title="bbox 195 2818 1321 2916; baseline 0.003 -24"><span class='ocrx_word' id='word_1_128' title='bbox 195 2827 255 2894; x_wconf 87' lang='lat' dir='ltr'>tos</span> <span class='ocrx_word' id='word_1_129' title='bbox 288 2841 310 2894; x_wconf 89' lang='lat' dir='ltr'>e</span> <span class='ocrx_word' id='word_1_130' title='bbox 355 2818 490 2896; x_wconf 81' lang='lat' dir='ltr'>&#39;Parcis</span> <span class='ocrx_word' id='word_1_131' title='bbox 535 2818 783 2910; x_wconf 87' lang='lat' dir='ltr'>trucidarunt,</span> <span class='ocrx_word' id='word_1_132' title='bbox 838 2818 1110 2916; x_wconf 87' lang='lat' dir='ltr'>Ibraimumque</span> <span class='ocrx_word' id='word_1_133' title='bbox 1143 2842 1321 2896; x_wconf 86' lang='lat' dir='ltr'>summum</span> 
     </span>
     <span class='ocr_line' id='line_1_20' title="bbox 197 2942 1320 3041; baseline 0 -23"><span class='ocrx_word' id='word_1_134' title='bbox 197 2942 396 3018; x_wconf 67' lang='lat' dir='ltr'>Venerium</span> <span class='ocrx_word' id='word_1_135' title='bbox 413 2943 573 3018; x_wconf 82' lang='lat' dir='ltr'>Bassam</span> <span class='ocrx_word' id='word_1_136' title='bbox 591 2965 671 3017; x_wconf 91' lang='lat' dir='ltr'>cum</span> <span class='ocrx_word' id='word_1_137' title='bbox 689 2942 859 3018; x_wconf 91' lang='lat' dir='ltr'>omnibus</span> <span class='ocrx_word' id='word_1_138' title='bbox 888 2944 967 3021; x_wconf 90' lang='lat' dir='ltr'>suis</span> <span class='ocrx_word' id='word_1_139' title='bbox 995 2944 1032 3018; x_wconf 93' lang='lat' dir='ltr'>in</span> <span class='ocrx_word' id='word_1_140' title='bbox 1056 2945 1182 3041; x_wconf 84' lang='lat' dir='ltr'>sugam</span> <span class='ocrx_word' id='word_1_141' title='bbox 1201 2944 1320 3020; x_wconf 91' lang='lat' dir='ltr'>conie-</span> 
     </span>
     <span class='ocr_line' id='line_1_21' title="bbox 200 3066 1318 3166; baseline -0.001 -22"><span class='ocrx_word' id='word_1_142' title='bbox 200 3076 339 3160; x_wconf 86' lang='lat' dir='ltr'>cerunt,</span> <span class='ocrx_word' id='word_1_143' title='bbox 356 3067 410 3143; x_wconf 89' lang='lat' dir='ltr'>ita</span> <span class='ocrx_word' id='word_1_144' title='bbox 427 3075 468 3143; x_wconf 91' lang='lat' dir='ltr'>ut</span> <span class='ocrx_word' id='word_1_145' title='bbox 483 3089 613 3166; x_wconf 86' lang='lat' dir='ltr'>parum</span> <span class='ocrx_word' id='word_1_146' title='bbox 632 3066 804 3156; x_wconf 79' lang='lat' dir='ltr'>abfuerit,</span> <span class='ocrx_word' id='word_1_147' title='bbox 832 3067 919 3164; x_wconf 93' lang='lat' dir='ltr'>quin</span> <span class='ocrx_word' id='word_1_148' title='bbox 946 3090 1043 3166; x_wconf 89' lang='lat' dir='ltr'>pene</span> <span class='ocrx_word' id='word_1_149' title='bbox 1062 3068 1168 3144; x_wconf 84' lang='lat' dir='ltr'>vivus</span> <span class='ocrx_word' id='word_1_150' title='bbox 1187 3067 1225 3141; x_wconf 94' lang='lat' dir='ltr'>in</span> <span class='ocrx_word' id='word_1_151' title='bbox 1244 3092 1318 3143; x_wconf 88' lang='lat' dir='ltr'>ma-</span> 
     </span>
     <span class='ocr_line' id='line_1_22' title="bbox 198 3191 1316 3290; baseline -0.002 -20"><span class='ocrx_word' id='word_1_152' title='bbox 198 3217 267 3270; x_wconf 91' lang='lat' dir='ltr'>nns</span> <span class='ocrx_word' id='word_1_153' title='bbox 295 3202 504 3270; x_wconf 90' lang='lat' dir='ltr'>nostrornm</span> <span class='ocrx_word' id='word_1_154' title='bbox 543 3192 743 3267; x_wconf 88' lang='lat' dir='ltr'>devenerit.</span> <span class='ocrx_word' id='word_1_155' title='bbox 781 3194 826 3267; x_wconf 94' lang='lat' dir='ltr'>In</span> <span class='ocrx_word' id='word_1_156' title='bbox 854 3192 926 3267; x_wconf 92' lang='lat' dir='ltr'>bac</span> <span class='ocrx_word' id='word_1_157' title='bbox 952 3215 1079 3290; x_wconf 89' lang='lat' dir='ltr'>pugna</span> <span class='ocrx_word' id='word_1_158' title='bbox 1107 3191 1316 3270; x_wconf 82' lang='lat' dir='ltr'>Terozkins</span> 
     </span>
     <span class='ocr_line' id='line_1_23' title="bbox 197 3317 1320 3416; baseline -0.001 -22"><span class='ocrx_word' id='word_1_159' title='bbox 197 3318 336 3416; x_wconf 87' lang='lat' dir='ltr'>glande</span> <span class='ocrx_word' id='word_1_160' title='bbox 353 3317 597 3394; x_wconf 90' lang='lat' dir='ltr'>tormentaria</span> <span class='ocrx_word' id='word_1_161' title='bbox 614 3317 653 3391; x_wconf 93' lang='lat' dir='ltr'>in</span> <span class='ocrx_word' id='word_1_162' title='bbox 680 3317 815 3415; x_wconf 80' lang='lat' dir='ltr'>capite.</span> <span class='ocrx_word' id='word_1_163' title='bbox 843 3317 1002 3392; x_wconf 86' lang='lat' dir='ltr'>sednon</span> <span class='ocrx_word' id='word_1_164' title='bbox 1020 3317 1219 3412; x_wconf 81' lang='lat' dir='ltr'>lethaliter,</span> <span class='ocrx_word' id='word_1_165' title='bbox 1243 3317 1320 3394; x_wconf 85' lang='lat' dir='ltr'>vul-</span> 
     </span>
     <span class='ocr_line' id='line_1_24' title="bbox 194 3440 1321 3520; baseline -0.002 -1"><span class='ocrx_word' id='word_1_166' title='bbox 194 3452 354 3520; x_wconf 87' lang='lat' dir='ltr'>neratur.</span> <span class='ocrx_word' id='word_1_167' title='bbox 374 3443 530 3520; x_wconf 89' lang='lat' dir='ltr'>Decimo</span> <span class='ocrx_word' id='word_1_168' title='bbox 548 3441 712 3517; x_wconf 89' lang='lat' dir='ltr'>octobris</span> <span class='ocrx_word' id='word_1_169' title='bbox 727 3441 874 3516; x_wconf 86' lang='lat' dir='ltr'>ancae</span> <span class='ocrx_word' id='word_1_170' title='bbox 893 3440 1011 3517; x_wconf 92' lang='lat' dir='ltr'>denno</span> <span class='ocrx_word' id='word_1_171' title='bbox 1027 3464 1150 3517; x_wconf 89' lang='lat' dir='ltr'>arcem</span> <span class='ocrx_word' id='word_1_172' title='bbox 1170 3440 1321 3518; x_wconf 89' lang='lat' dir='ltr'>summis</span> 
     </span>
     <span class='ocr_line' id='line_1_25' title="bbox 193 3549 1411 3666; baseline -0.002 -22"><span class='ocrx_word' id='word_1_173' title='bbox 193 3569 335 3644; x_wconf 81' lang='lat' dir='ltr'>viribus</span> <span class='ocrx_word' id='word_1_174' title='bbox 354 3568 541 3644; x_wconf 82' lang='lat' dir='ltr'>invadunt</span> <span class='ocrx_word' id='word_1_175' title='bbox 560 3566 691 3644; x_wconf 89' lang='lat' dir='ltr'>Nostri</span> <span class='ocrx_word' id='word_1_176' title='bbox 711 3575 867 3664; x_wconf 86' lang='lat' dir='ltr'>quatuor</span> <span class='ocrx_word' id='word_1_177' title='bbox 895 3567 1193 3666; x_wconf 86' lang='lat' dir='ltr'>oppugnationes</span> <span class='ocrx_word' id='word_1_178' title='bbox 1213 3567 1317 3644; x_wconf 83' lang='lat' dir='ltr'>lorti·</span> <span class='ocrx_word' id='word_1_179' title='bbox 1404 3549 1411 3570; x_wconf 62' lang='grc'><strong>“</strong></span> 
     </span>
     <span class='ocr_line' id='line_1_26' title="bbox 193 3690 1315 3790; baseline 0 -21"><span class='ocrx_word' id='word_1_180' title='bbox 193 3702 250 3770; x_wconf 90' lang='lat' dir='ltr'>ter</span> <span class='ocrx_word' id='word_1_181' title='bbox 271 3695 532 3788; x_wconf 88' lang='lat' dir='ltr'>sustinuerunt,</span> <span class='ocrx_word' id='word_1_182' title='bbox 561 3701 690 3790; x_wconf 87' lang='lat' dir='ltr'>quater</span> <span class='ocrx_word' id='word_1_183' title='bbox 709 3693 837 3770; x_wconf 87' lang='lat' dir='ltr'>hostes</span> <span class='ocrx_word' id='word_1_184' title='bbox 856 3717 880 3768; x_wconf 87' lang='lat' dir='ltr'>a</span> <span class='ocrx_word' id='word_1_185' title='bbox 898 3694 1088 3769; x_wconf 90' lang='lat' dir='ltr'>moenibus</span> <span class='ocrx_word' id='word_1_186' title='bbox 1107 3690 1315 3769; x_wconf 88' lang='lat' dir='ltr'>incredibili</span> 
     </span>
     <span class='ocr_line' id='line_1_27' title="bbox 193 3815 1310 3917; baseline -0.004 -22"><span class='ocrx_word' id='word_1_187' title='bbox 193 3843 276 3898; x_wconf 92' lang='lat' dir='ltr'>cum</span> <span class='ocrx_word' id='word_1_188' title='bbox 295 3844 421 3896; x_wconf 92' lang='lat' dir='ltr'>eornm</span> <span class='ocrx_word' id='word_1_189' title='bbox 440 3827 569 3915; x_wconf 87' lang='lat' dir='ltr'>strage</span> <span class='ocrx_word' id='word_1_190' title='bbox 589 3820 814 3916; x_wconf 86' lang='lat' dir='ltr'>reieceruut;</span> <span class='ocrx_word' id='word_1_191' title='bbox 842 3825 882 3894; x_wconf 87' lang='lat' dir='ltr'>at</span> <span class='ocrx_word' id='word_1_192' title='bbox 901 3819 1028 3917; x_wconf 90' lang='lat' dir='ltr'>quinta</span> <span class='ocrx_word' id='word_1_193' title='bbox 1038 3815 1310 3915; x_wconf 86' lang='lat' dir='ltr'>oppugnatione</span> 
     </span>
     <span class='ocr_line' id='line_1_28' title="bbox 192 3941 1316 4043; baseline -0.004 -22"><span class='ocrx_word' id='word_1_194' title='bbox 192 3944 344 4021; x_wconf 73' lang='lat' dir='ltr'>&#39;Furcae</span> <span class='ocrx_word' id='word_1_195' title='bbox 360 3946 509 4022; x_wconf 87' lang='lat' dir='ltr'>tandem</span> <span class='ocrx_word' id='word_1_196' title='bbox 528 3947 717 4043; x_wconf 88' lang='lat' dir='ltr'>antiquam</span> <span class='ocrx_word' id='word_1_197' title='bbox 736 3967 859 4021; x_wconf 85' lang='lat' dir='ltr'>urcem</span> <span class='ocrx_word' id='word_1_198' title='bbox 877 3941 1316 4021; x_wconf 85' lang='lat' dir='ltr'>novaevicinamarmuta</span> 
     </span>
     <span class='ocr_line' id='line_1_29' title="bbox 194 4065 1314 4170; baseline -0.004 -24"><span class='ocrx_word' id='word_1_199' title='bbox 194 4079 548 4170; x_wconf 83' lang='lat' dir='ltr'>munuoccuparunt,</span> <span class='ocrx_word' id='word_1_200' title='bbox 566 4071 777 4168; x_wconf 91' lang='lat' dir='ltr'>ibidemque</span> <span class='ocrx_word' id='word_1_201' title='bbox 787 4067 1023 4145; x_wconf 79' lang='lat' dir='ltr'>Christianos</span> <span class='ocrx_word' id='word_1_202' title='bbox 1042 4067 1189 4142; x_wconf 85' lang='lat' dir='ltr'>circiter</span> <span class='ocrx_word' id='word_1_203' title='bbox 1203 4065 1314 4142; x_wconf 90' lang='lat' dir='ltr'>octin-</span> 
     </span>
     <span class='ocr_line' id='line_1_30' title="bbox 191 4190 1312 4293; baseline -0.004 -21"><span class='ocrx_word' id='word_1_204' title='bbox 191 4204 326 4291; x_wconf 86' lang='lat' dir='ltr'>gentos</span> <span class='ocrx_word' id='word_1_205' title='bbox 344 4196 584 4274; x_wconf 84' lang='lat' dir='ltr'>trucidarunt.</span> <span class='ocrx_word' id='word_1_206' title='bbox 605 4194 728 4293; x_wconf 81' lang='lat' dir='ltr'>Capta</span> <span class='ocrx_word' id='word_1_207' title='bbox 745 4195 818 4271; x_wconf 89' lang='lat' dir='ltr'>bac</span> <span class='ocrx_word' id='word_1_208' title='bbox 837 4218 932 4288; x_wconf 91' lang='lat' dir='ltr'>arce,</span> <span class='ocrx_word' id='word_1_209' title='bbox 952 4193 1041 4292; x_wconf 84' lang='lat' dir='ltr'>Aga</span> <span class='ocrx_word' id='word_1_210' title='bbox 1059 4193 1207 4291; x_wconf 89' lang='lat' dir='ltr'>quidam</span> <span class='ocrx_word' id='word_1_211' title='bbox 1217 4190 1312 4268; x_wconf 78' lang='lat' dir='ltr'>&#39;Pur-</span> 
     </span>
     <span class='ocr_line' id='line_1_31' title="bbox 191 4316 1317 4419; baseline -0.004 -23"><span class='ocrx_word' id='word_1_212' title='bbox 191 4321 291 4396; x_wconf 90' lang='lat' dir='ltr'>ciens</span> <span class='ocrx_word' id='word_1_213' title='bbox 309 4319 467 4397; x_wconf 81' lang='lat' dir='ltr'>Caesari</span> <span class='ocrx_word' id='word_1_214' title='bbox 487 4321 759 4419; x_wconf 89' lang='lat' dir='ltr'>quadringenta</span> <span class='ocrx_word' id='word_1_215' title='bbox 781 4327 990 4396; x_wconf 89' lang='lat' dir='ltr'>nostrorum</span> <span class='ocrx_word' id='word_1_216' title='bbox 1018 4319 1143 4417; x_wconf 89' lang='lat' dir='ltr'>capita</span> <span class='ocrx_word' id='word_1_217' title='bbox 1170 4316 1317 4412; x_wconf 89' lang='lat' dir='ltr'>obtulit,</span> 
     </span>
     <span class='ocr_line' id='line_1_32' title="bbox 191 4442 1311 4546; baseline -0.007 -24"><span class='ocrx_word' id='word_1_218' title='bbox 191 4468 262 4542; x_wconf 91' lang='lat' dir='ltr'>quo</span> <span class='ocrx_word' id='word_1_219' title='bbox 281 4447 497 4546; x_wconf 89' lang='lat' dir='ltr'>spectaculo</span> <span class='ocrx_word' id='word_1_220' title='bbox 525 4448 716 4523; x_wconf 88' lang='lat' dir='ltr'>Barbarus</span> <span class='ocrx_word' id='word_1_221' title='bbox 743 4446 980 4523; x_wconf 88' lang='lat' dir='ltr'>vehementer</span> <span class='ocrx_word' id='word_1_222' title='bbox 1008 4444 1215 4521; x_wconf 87' lang='lat' dir='ltr'>oblectatus</span> <span class='ocrx_word' id='word_1_223' title='bbox 1233 4442 1311 4520; x_wconf 84' lang='lat' dir='ltr'>luit.</span> 
     </span>
     <span class='ocr_line' id='line_1_33' title="bbox 193 4565 1315 4670; baseline 0.001 -27"><span class='ocrx_word' id='word_1_224' title='bbox 193 4565 351 4646; x_wconf 89' lang='lat' dir='ltr'>Barbari</span> <span class='ocrx_word' id='word_1_225' title='bbox 380 4594 468 4648; x_wconf 88' lang='lat' dir='ltr'>vero</span> <span class='ocrx_word' id='word_1_226' title='bbox 492 4575 610 4648; x_wconf 89' lang='lat' dir='ltr'>veteri</span> <span class='ocrx_word' id='word_1_227' title='bbox 638 4574 712 4648; x_wconf 89' lang='lat' dir='ltr'>iam</span> <span class='ocrx_word' id='word_1_228' title='bbox 732 4579 855 4648; x_wconf 88' lang='lat' dir='ltr'>castro</span> <span class='ocrx_word' id='word_1_229' title='bbox 883 4569 1002 4670; x_wconf 90' lang='lat' dir='ltr'>potiti,</span> <span class='ocrx_word' id='word_1_230' title='bbox 1030 4592 1164 4647; x_wconf 89' lang='lat' dir='ltr'>novum</span> <span class='ocrx_word' id='word_1_231' title='bbox 1183 4568 1315 4645; x_wconf 87' lang='lat' dir='ltr'>maiori</span> 
     </span>
     <span class='ocr_line' id='line_1_34' title="bbox 192 4695 1313 4795; baseline -0.001 -25"><span class='ocrx_word' id='word_1_232' title='bbox 192 4696 346 4772; x_wconf 85' lang='lat' dir='ltr'>andacia</span> <span class='ocrx_word' id='word_1_233' title='bbox 373 4699 650 4794; x_wconf 89' lang='lat' dir='ltr'>aggrediuntur,</span> <span class='ocrx_word' id='word_1_234' title='bbox 679 4720 874 4795; x_wconf 89' lang='lat' dir='ltr'>arcemque</span> <span class='ocrx_word' id='word_1_235' title='bbox 898 4695 1174 4794; x_wconf 90' lang='lat' dir='ltr'>quatuordecim</span> <span class='ocrx_word' id='word_1_236' title='bbox 1194 4695 1313 4770; x_wconf 88' lang='lat' dir='ltr'>diver-</span> 
     </span>
    </p>
   </div>
   <div class='ocr_carea' id='block_1_3' title="bbox 0 0 1818 5534">
    <p class='ocr_par' dir='ltr' id='par_1_3' title="bbox 0 0 1818 5534">
     <span class='ocr_line' id='line_1_35' title="bbox 0 0 1818 5534; baseline 0 2"><span class='ocrx_word' id='word_1_237' title='bbox 0 0 1818 5534; x_wconf 95' lang='lat' dir='ltr'> </span> 
     </span>
    </p>
   </div>
  </div>
 </body>
</html>
