3625 5534
527 481 573 530 uu
593 483 672 532 sun
692 481 775 532 vno.
796 481 879 532 nso.
900 484 935 532 x.
948 485 987 532 n.
1008 482 1070 534 uu.
1289 455 1366 533 135

239 658 569 756 triangularesque,
592 657 735 733 duobus
753 657 927 754 utrinqne
957 681 1083 732 earum
1102 629 1283 731 lateribus
1312 653 1364 730 le·

239 786 332 860 viter
358 785 398 858 in
424 784 655 882 pyramidem
673 784 856 881 quandam
876 784 1089 879 fastigiatis,
1107 790 1148 857 ut
1165 782 1213 855 iis
1231 781 1383 878 rapida

237 911 401 988 Danubii
436 911 537 986 unda
575 935 711 1006 magno
739 911 888 1007 impetu.
928 911 1165 1007 secundoque
1204 910 1363 983 decursu

235 1039 340 1112 illata
358 1037 600 1130 scinderetur,
621 1036 840 1132 faciliorque
850 1037 954 1134 ponti
964 1036 1077 1112 statio
1090 1035 1359 1110 conciliaretur.

340 1163 419 1238 Eas
448 1163 561 1260 igitur
593 1169 790 1262 postquam
815 1163 933 1238 carris
965 1169 1078 1260 atque
1116 1162 1290 1237 iumentis
1317 1162 1356 1237 iu

235 1299 358 1364 castra
378 1288 512 1364 devehi
532 1297 712 1380 curasset,
733 1289 915 1364 machinis
933 1289 1077 1364 idoneis
1096 1290 1277 1364 inflnmen
1297 1290 1358 1363 de·

233 1417 341 1506 misit,
362 1423 400 1491 et
418 1415 594 1490 admensa
622 1415 788 1491 Danubii
820 1415 1025 1507 latitudine,
1045 1417 1118 1490 -ubi
1137 1423 1286 1514 pontem
1304 1417 1357 1490 la·

233 1567 317 1620 cere
337 1549 531 1636 statuerat,
560 1565 628 1640 pro
658 1542 737 1616 eius
767 1543 1004 1640 proportione
1032 1542 1072 1616 iu
1090 1543 1175 1639 ipsa
1194 1543 1278 1639 ripa
1296 1567 1356 1618 ca·
1503 1584 1506 1591 ⁴

233 1670 330 1745 tenis
350 1669 551 1765 colligavit,
571 1677 608 1744 et
625 1669 829 1742 interiectis
849 1669 946 1745 inter
955 1668 1127 1766 singulas
1146 1693 1214 1744 ser
1222 1668 1357 1769 pedum

232 1795 441 1872 intervallis
458 1795 512 1870 ita
539 1795 719 1885 trabibus,
748 1795 941 1870 asseribus
970 1797 1157 1888 instruxit,
1188 1804 1227 1871 nt
1244 1796 1355 1871 facile

231 1923 266 1998 in
284 1924 441 1997 alteram
461 1921 579 2019 ripam
600 1921 814 1996 continuata
832 1921 899 1996 illa
918 1922 1067 1996 navium
1086 1921 1204 1996 series
1232 1928 1354 1996 trans·

231 2047 312 2124 duci
341 2029 496 2145 possets
520 2047 717 2121 Instructis
745 2046 783 2119 in
812 2045 909 2122 hunc
935 2047 1082 2122 modnm
1109 2045 1287 2138 navibus,
1317 2054 1355 2120 et

230 2179 380 2272 captata
396 2172 569 2266 nubilosa
590 2171 685 2248 coeli
703 2172 893 2270 temperie,
913 2172 1016 2246 iubet
1025 2177 1207 2245 tormenta
1217 2171 1352 2246 bellica

230 2325 275 2377 ex
294 2297 498 2396 composito
522 2298 559 2372 in
589 2305 715 2372 castra
743 2297 926 2373 Matthiae
950 2295 1170 2372 Archiducis
1199 2295 1351 2388 intendi,

229 2401 450 2524 explodique
469 2433 575 2501 tanta
593 2425 825 2518 assiduitate,
846 2431 887 2500 ut
906 2424 1178 2522 omnemprimo
1190 2421 1351 2497 Christi-

228 2553 320 2643 anis,
340 2551 430 2649 quid
448 2573 492 2626 eo
512 2557 708 2651 praetextu
729 2561 914 2648 ageretur,
930 2551 1181 2651 prospiciendi
1197 2551 1351 2626 faculta-

226 2687 310 2772 tem,
339 2677 475 2775 partim
503 2679 604 2753 fumo
634 2701 683 2753 ex
712 2679 904 2754 tormentis
936 2683 1175 2776 evaporante,
1214 2677 1350 2774 partim

226 2826 315 2880 vero
343 2803 492 2879 nebulis
521 2803 618 2879 coeli
654 2804 829 2878 Danubio
856 2802 1165 2894 incumbentibus,
1202 2803 1350 2900 penitus

226 2929 414 3005 adimeret.
464 2931 615 3005 iuterim
663 2931 746 3004 dum
793 2931 879 3027 quid
917 2930 1108 3005 Barbarus
1147 2929 1349 3018 moliretur,

226 3054 429 3132 Christiani
448 3055 666 3152 disquirunt,
686 3053 846 3131 Sinanns
856 3078 983 3148 naves,
1001 3055 1076 3128 iam
1094 3055 1143 3130 ad
1153 3078 1235 3130 eum
1244 3078 1350 3130 usum

225 3189 496 3273 concatenatas,
526 3181 713 3278 remisque
750 3182 965 3274 instructas,
1002 3203 1141 3255 summo
1170 3179 1349 3257 militibus

224 3309 345 3384 studio
365 3306 624 3399 adnitentibus,
652 3307 690 3381 in
714 3307 926 3384 ulteriorem
955 3307 1074 3405 ripam
1092 3305 1293 3399 transvehi,
1314 3316 1351 3383 et

224 3432 396 3509 anchoris
414 3434 451 3508 in
469 3433 602 3508 flumen
623 3432 777 3508 deiectis
797 3433 958 3509 stabiliri
978 3441 1092 3509 curat.
1104 3430 1247 3523 Quibus
1266 3457 1348 3532 per·

221 3558 341 3644 tectis,
353 3558 521 3659 protinus
541 3557 732 3655 praedicto
743 3560 889 3634 navium
900 3558 1099 3633 interstitio
1114 3557 1350 3634 admensura-

223 3691 280 3759 tas
299 3684 428 3759 trabes
448 3682 559 3776 iniici,
570 3683 814 3781 trabibusque
825 3707 1017 3759 assereres
1028 3684 1165 3782 imponi
1183 3684 1345 3759 mandat.

223 3808 309 3882 Mox
328 3831 501 3906 maguum
519 3817 782 3885 tormentorum
802 3811 980 3885 maiorum
1008 3833 1054 3885 ac
1084 3809 1262 3884 minorum
1282 3833 1346 3884 nu·

222 3957 358 4009 merum
386 3959 454 4033 per
482 3945 629 4034 pontem
659 3945 745 4011 ante
774 3961 815 4012 se
844 3936 1045 4028 transvehi,
1070 3934 1189 4032 iisque
1209 3935 1346 4010 aditum

221 4060 353 4156 pontis,
372 4083 419 4134 nc
438 4062 487 4135 ab
506 4045 766 4155 ingruentibus
785 4063 965 4147 hostibus,
985 4061 1070 4136 dum
1079 4058 1217 4135 milites
1227 4067 1347 4135 trans·

221 4193 467 4284 portarentur,
488 4187 705 4286 interrumpi
724 4198 865 4286 posset,
885 4187 1094 4264 firmissime
1113 4186 1345 4263 muniendum

220 4310 386 4411 imperat.
407 4315 497 4412 Ipse
517 4337 682 4412 quoque,
712 4315 936 4414 praemissis
946 4314 1141 4406 Ianiuaris,
1160 4337 1241 4388 cnm
1261 4337 1345 4388 cen·

221 4443 293 4513 tum
312 4437 459 4515 circiter
489 4443 711 4517 selectorum
741 4443 914 4539 equitum,
943 4441 1189 4540 peditumque,
1210 4439 1344 4538 quibus

221 4571 256 4638 et
274 4565 428 4640 Tartari
445 4566 649 4644 intermixti
676 4570 833 4662 fuerant,
858 4568 1031 4660 millibus,
1058 4569 1096 4643 in
1123 4568 1344 4643 exteriorem

220 4687 335 4790 n'pam
367 4692 503 4788 evadit,
543 4693 684 4770 relictis
711 4697 808 4770 ultra
837 4693 1047 4772 Danubium
1075 4692 1249 4793 reliquis,
1282 4691 1345 4794 qui
