3625 5534
465 502 541 582 126
862 525 912 576 10.
930 523 1032 576 nucu
1050 525 1199 579 eunoun

460 701 544 778 inde
563 701 770 777 rumoribus
798 700 961 793 effertur,
988 697 1184 777 Cheroinm
1212 701 1457 808 Tartaromm
1486 697 1583 776 Oine·

435 925 440 940 ,
463 852 569 926 mum,
590 852 671 904 enm
688 827 831 923 ingenti
850 827 1585 906 hominummultitndinellnztinumver·

461 979 526 1032 sus
547 955 710 1052 tendere,
729 955 920 1053 diramque
938 955 1007 1031 toti
1025 956 1241 1054 provinciae
1251 957 1395 1032 ruinam
1413 953 1585 1029 minitari.

462 1081 699 1186 Exhorruere
718 1081 876 1158 omnium
896 1081 1017 1174 animi,
1038 1089 1075 1157 et
1094 1106 1174 1157 cnm
1185 1082 1418 1158 consiliarios
1437 1101 1588 1177 nonper

462 1207 583 1282 omnia
601 1230 683 1281 cnm
703 1205 879 1305 Principe
916 1207 1123 1282 consentire
1150 1207 1514 1298 animadverteretur,
1542 1225 1587 1280 eo

463 1334 583 1430 magis
602 1333 723 1424 etiam,
744 1355 791 1407 ex
809 1353 956 1407 rumore
977 1334 1227 1433 maximopere
1255 1334 1375 1427 veriti,
1404 1354 1451 1407 ne
1466 1340 1587 1405 trucu-

464 1462 583 1535 lentus
602 1459 721 1533 hostis
740 1459 811 1534 hac
830 1459 1024 1534 occasione
1043 1482 1144 1555 usus,
1163 1460 1201 1535 in
1221 1459 1450 1560 provinciam
1459 1458 1589 1531 irrnm·

463 1595 579 1686 peret,
616 1585 810 1682 omniaque
860 1587 960 1662 ferro
1008 1595 1119 1682 atque
1170 1587 1326 1661 flammis
1369 1585 1591 1662 absumeret

464 1711 570 1786 Haec
606 1733 687 1786 cum
723 1709 880 1785 omnium
908 1711 1025 1786 oculis
1063 1714 1359 1807 obversarentur,
1393 1709 1589 1804 omniaque

463 1836 663 1927 turbarum,
682 1843 793 1933 atque
811 1837 1065 1912 confusionum
1083 1838 1196 1936 plena
1216 1844 1354 1928 essent,
1382 1833 1523 1934 placuit
1540 1855 1588 1906 er

422 2017 426 2024 ·
466 1959 753 2037 Sabesiensibus
773 1959 943 2036 Comitiis
962 1985 1090 2038 omnes
1110 1971 1273 2038 armatos
1293 1960 1487 2038 Thordam
1505 1979 1589 2056 pro·

465 2086 592 2180 ficisci,
613 2088 738 2184 ibique
756 2089 795 2162 in
814 2089 954 2187 campis
974 2089 1095 2164 libera
1114 2089 1261 2164 comitia
1280 2089 1424 2179 haberi,
1452 2108 1533 2160 enm
1552 2090 1593 2158 ut

465 2213 611 2290 facilius
631 2215 726 2309 inde,
747 2216 779 2289 si
794 2215 848 2290 ita
865 2216 1073 2291 necessitas
1093 2217 1311 2314 postularet,
1330 2213 1476 2290 occurri
1494 2212 1590 2286 'Par-

465 2340 558 2415 taris
587 2348 725 2439 posset,
757 2348 832 2415 tum
859 2363 962 2434 vero,
991 2349 1032 2416 nt
1058 2362 1155 2417 nova
1175 2343 1220 2417 de
1239 2343 1297 2434 iis,
1317 2365 1412 2440 quae
1430 2337 1591 2414 nondum

466 2467 636 2565 componi
655 2491 702 2542 ex
720 2467 878 2544 omnium
896 2460 995 2543 votis
1013 2477 1219 2567 potuerant,
1229 2471 1353 2563 rebus,
1370 2464 1590 2544 deliberatio

466 2592 729 2668 institueretur.
750 2594 807 2668 Eo
825 2594 890 2670 nbi
908 2616 1037 2670 rursus
1067 2604 1326 2689 convenerunt,
1355 2593 1483 2669 nescio
1503 2616 1591 2690 qno·

465 2741 544 2793 rum
563 2717 738 2794 instinctu
757 2742 915 2819 coepere
944 2720 1056 2795 animi
1084 2721 1338 2798 nonnullorum
1358 2745 1405 2797 cx
1423 2719 1590 2819 proceri-

466 2843 569 2918 ribus
589 2867 613 2918 a
632 2841 844 2919 Christiano
863 2846 1026 2940 loedere,
1054 2847 1313 2945 prioribusque
1341 2846 1519 2923 consultis
1544 2843 1593 2920 ad

467 2971 672 3046 Turcarum
695 2972 861 3047 favorem
891 2971 1134 3071 propendere.
1155 2974 1200 3048 Id
1218 2974 1324 3049 simul
1344 2998 1389 3048 ac
1408 2972 1591 3070 Princeps

467 3096 588 3171 Albae
607 3097 792 3193 cognovit,
819 3105 856 3172 et
875 3097 1029 3172 sinistra
1058 3099 1285 3194 quorundam
1305 3099 1350 3173 de
1368 3121 1421 3190 se,
1440 3096 1591 3172 reiectis

466 3222 653 3320 prioribus
673 3225 834 3321 statutis,
852 3246 951 3298 nova
970 3225 1043 3299 sibi
1063 3225 1217 3300 consilia
1235 3225 1262 3298 ii
1280 3224 1512 3323 potissimum
1533 3244 1590 3295 ce-

467 3347 622 3446 pissent,
642 3370 795 3446 quornm
814 3350 1038 3426 authoritate
1056 3359 1130 3427 tum
1141 3351 1217 3426 alia
1235 3352 1366 3442 omnia,
1384 3358 1459 3426 tum
1478 3349 1592 3422 etiam

468 3474 539 3548 bas
565 3473 669 3572 ipsas
693 3499 754 3550 res
783 3478 930 3553 molitus
956 3477 1098 3572 fnisset,
1126 3479 1244 3554 nolnit
1272 3477 1462 3552 Thordam
1480 3471 1592 3573 profi·

472 3600 571 3696 cisci,
592 3600 892 3700 quoniamcuucti
912 3603 1073 3681 Ordines
1093 3607 1225 3681 armati
1245 3608 1504 3692 convenerant,
1522 3598 1594 3674 sed

468 3729 702 3804 Kbvarinum
731 3753 864 3807 versus
884 3730 1070 3823 discessit,
1094 3732 1383 3829 Balthasariqne
1401 3727 1591 3805 Bathcreu

468 3853 665 3950 mandavit,
685 3862 726 3930 ut
744 3857 874 3951 omnia,
894 3859 1040 3934 nomine
1059 3860 1199 3952 summi,
1217 3866 1257 3934 ut
1275 3849 1595 3952 vocant¹generrr

431 4059 433 4064 ,
471 3980 529 4074 lis,
550 4001 591 4057 se
610 3983 776 4075 absente,
796 3983 1080 4061 administraret.
1098 3987 1138 4061 Is
1156 3985 1275 4061 edicto
1294 3984 1592 4084 promulgatam

468 4105 632 4181 universi
652 4129 694 4181 se
714 4105 985 4207 Claudiopolim
1004 4113 1223 4205 conterrent,
1241 4109 1323 4208 ipse
1337 4131 1482 4205 qnoque
1500 4107 1591 4183 illue

470 4252 550 4304 cnm
576 4233 786 4331 praecipuis
814 4237 1020 4334 quibusque
1047 4239 1260 4336 proceribus
1295 4237 1493 4335 profectus.
1528 4257 1590 4309 co·

471 4353 573 4430 mitia
591 4379 664 4434 non
681 4357 720 4433 in
738 4359 889 4458 campis,
908 4363 1025 4438 sedin
1044 4363 1128 4461 ipsa
1144 4365 1237 4438 urbe
1254 4359 1385 4436 haberi
1405 4360 1529 4434 voluit.

920 4629 1123 4647 -μι-ι-ι-
