3625 5534
505 487 554 538 ou
572 487 653 540 aaa.
675 484 760 537 vro.
781 485 863 536 nnc.
884 485 920 539 x.
942 486 974 536 n.
995 485 1032 536 rr.
1274 459 1324 537 29

219 664 266 742 cis
291 663 474 763 'l'olrajum
498 663 743 763 oppugnavit,
776 686 821 738 ea
849 663 970 738 omnia
998 685 1120 738 secum
1148 663 1317 739 adducat.

218 794 373 870 Pulveris
397 792 645 886 tormentarii,
675 799 712 867 et
739 788 931 887 globorum
958 800 1061 866 tanto
1079 792 1129 867 sit
1147 793 1263 890 copia,
1283 798 1322 867 ut

218 923 290 998 usui
305 921 475 998 sufficiat.
502 921 630 996 Nares
649 919 696 994 ad
723 918 914 994 faciendos
933 919 971 994 in
990 919 1157 995 amnibus
1176 926 1320 1018 pontes,

220 1048 338 1146 quibus
355 1047 452 1123 idern
470 1047 620 1124 Ioannis
635 1045 753 1141 Regis
772 1046 869 1120 tilius
889 1047 957 1120 sub
978 1046 1127 1142 Tokajo
1137 1067 1226 1121 usus
1244 1047 1321 1137 fuit,

219 1198 289 1250 cun
313 1177 481 1252 omnibus
509 1195 634 1250 carum
656 1173 926 1280 instrumentis,
956 1172 1010 1248 ita
1037 1174 1167 1271 plane,
1187 1173 1322 1270 nequid

219 1300 394 1396 abderit,
422 1302 621 1377 instructas
639 1299 787 1374 habeat.
816 1299 982 1396 Fruges,
1011 1321 1104 1397 quae
1123 1301 1161 1374 in
1180 1301 1322 1376 acervis

218 1433 309 1520 sunt,
335 1436 413 1505 tota
431 1426 622 1526 provincia
648 1427 882 1519 triturentur,
912 1449 984 1524 qua
1003 1425 1039 1500 in
1067 1451 1108 1503 re
1128 1427 1218 1504 nulli
1237 1450 1320 1502 con-

219 1553 349 1643 nireto,
375 1579 481 1632 nemo
500 1579 547 1631 er
565 1553 757 1653 provincia
784 1553 833 1628 acl
851 1553 1024 1630 merenda
1053 1553 1320 1630 Germanorum

219 1681 407 1780 stipendia,
426 1683 495 1758 sub
514 1704 634 1780 poena
651 1679 913 1779 publicationis
933 1681 1129 1773 bonorum,
1149 1683 1319 1772 abeunto‚

219 1807 271 1903 qni
294 1809 389 1884 bona
405 1831 480 1884 non
497 1805 678 1900 habuerit,
698 1806 818 1904 capite
837 1806 937 1882 luito.
958 1793 1039 1898 Quo
1059 1815 1243 1906 apparatu
1263 1810 1320 1884 Io-

218 1954 320 2010 aunes
335 1935 400 2012 ille
417 1935 536 2033 Regis
553 1934 650 2010 filius
669 1934 768 2009 bello
788 1942 897 2010 antea
917 1934 1103 2030 Vngarico
1132 1933 1319 2011 Solimano

218 2055 360 2138 Caesari
386 2063 534 2138 obviarn
560 2067 829 2160 processerat:
862 2061 991 2136 eodem
1021 2083 1174 2159 prorsus
1204 2059 1321 2159 Sigis-

218 2186 358 2264 nundns
375 2188 557 2287 Princeps
576 2186 715 2264 Sinano
736 2186 1020 2283 adBelgradum
1040 2197 1217 2265 occurrat.
1238 2185 1319 2279 Quo

219 2311 319 2412 ripun
337 2293 419 2393 euin
438 2340 486 2392 ex
504 2315 794 2417 provincialibus
812 2315 920 2418 sequi
937 2314 1093 2410 nollent,
1122 2316 1148 2388 ii
1167 2316 1263 2408 vita,
1283 2321 1319 2390 et

218 2438 567 2542 fortunispriventur.
586 2441 751 2518 Dimisso
773 2449 848 2518 turn
868 2438 1033 2519 Obausio
1044 2439 1221 2519 Caesaris
1232 2466 1318 2542 quo-

219 2587 280 2662 que
296 2569 425 2647 literae
434 2572 622 2669 perlectae
631 2570 787 2664 fuerunt,
797 2570 835 2644 in
845 2570 978 2667 quibos
990 2577 1140 2669 praeter
1150 2593 1205 2662 ea,
1225 2594 1319 2668 quae

222 2697 378 2771 anmoio
397 2697 544 2774 inerunt
573 2694 619 2772 de
646 2695 747 2772 bello
767 2693 966 2773 Germanis
985 2696 1141 2791 indicto,
1171 2695 1319 2772 militari

218 2815 357 2918 inperio
375 2819 505 2899 Siuani
524 2821 745 2920 significata,
766 2823 804 2898 id
823 2845 967 2921 quoque
987 2823 1260 2914 continebatur,
1280 2830 1320 2898 ut

217 2937 382 3046 Princeps
410 2947 553 3022 farinae
579 2946 691 3022 tritici
714 2945 791 3022 100
820 2947 938 3021 millia
965 2945 1197 3040 cubulorum,
1226 2970 1318 3045 quos

217 3077 333 3145 nostra
349 3072 477 3168 lingua
495 3069 593 3144 litas
611 3069 860 3169 appellamus,
889 3070 1019 3146 hordei
1037 3071 1206 3164 totidem,
1228 3073 1317 3147 mel-

216 3189 440 3295 haberique,
460 3195 595 3294 butyri,
614 3195 778 3294 salisque
798 3221 968 3296 magnam
987 3197 1059 3272 vim
1078 3197 1234 3273 navibus
1254 3195 1318 3272 Se-

217 3321 412 3417 nendriarn,
432 3321 481 3398 ad
499 3345 604 3398 usum
623 3325 819 3417 exercitus,
837 3324 995 3423 perferri
1015 3330 1127 3398 curet.
1148 3324 1208 3399 Ad
1226 3326 1319 3400 haec

216 3445 357 3542 ipsemet
364 3451 477 3528 etiam
486 3449 665 3549 Princeps
676 3452 775 3528 adito
797 3449 947 3544 Sinano,
962 3452 1074 3528 iussis
1085 3450 1163 3526 eins
1174 3461 1315 3550 pareat.

517 3844 691 3927 GAPVT
720 3846 988 3926 OCTAVVM.

325 4012 381 4102 Da
401 4029 618 4128 deprebensa
637 4033 849 4108 Mabornctic
873 4032 1024 4108 t’baosr't
1035 4030 1188 4130 succede.

312 4205 381 4286 His
410 4209 588 4289 Caesaris
617 4209 817 4311 Sinonique
845 4211 1006 4304 nunciis,
1026 4213 1156 4311 quibus
1184 4213 1316 4308 gravia

216 4332 339 4428 onnia,
366 4345 404 4413 et
430 4339 678 4415 intolerabilia
705 4363 802 4417 novo
828 4339 939 4438 plane
963 4339 1132 4438 exemplo
1152 4339 1312 4439 impone·

216 4453 355 4555 tatur,
388 4464 493 4539 varie
519 4466 674 4563 primum
701 4466 885 4543 bominum
912 4466 1013 4540 luere
1043 4467 1153 4541 animi
1182 4467 1314 4557 affecti,

216 4603 285 4659 cun
302 4585 399 4664 baud
417 4599 543 4667 essent
551 4594 676 4686 nescii,
696 4593 789 4669 haec
807 4617 851 4667 eo
870 4601 1009 4669 tantum
1021 4593 1112 4686 fieri,
1132 4602 1172 4670 ut
1186 4592 1315 4691 siquid

215 4706 326 4790 horon
344 4715 491 4795 minime
509 4742 556 4793 ex
567 4741 692 4799 eorum
709 4721 942 4819 praescripto
963 4729 1064 4798 osset
1082 4721 1315 4819 praestitum,
