3625 5534
493 487 570 568 316
895 519 945 576 ro.
963 521 1064 574 naeu
1081 523 1229 576 usnoun

497 687 542 761 de
552 693 840 788 propugnaculis
855 694 1066 771 deiecerint.
1077 695 1252 774 Similiter
1261 707 1297 776 et
1312 701 1351 776 in
1360 697 1506 796 Gallos,
1518 705 1610 781 Val-

496 817 610 911 loues,
629 841 673 892 ac
692 816 908 917 Germanos,
938 825 1002 921 qui
1030 824 1104 900 iam
1131 826 1168 900 in
1187 827 1334 925 publico
1362 831 1444 907 foro
1470 831 1614 930 aliquot

495 943 1076 1047 praecipualocaoocupaverant,
1096 973 1227 1047 magno
1239 975 1321 1028 cum
1338 955 1464 1031 furore
1479 957 1612 1032 desae-

498 1069 610 1162 viunt,
639 1080 677 1146 et
694 1080 771 1149 tres
790 1074 936 1151 circiter
959 1075 1070 1151 horas
1098 1085 1247 1154 strenue
1276 1101 1355 1154 cum
1383 1079 1430 1156 iis
1449 1105 1614 1181 pugnam

496 1205 702 1292 conserunt,
728 1200 782 1277 ita
809 1209 848 1277 ut
867 1201 904 1278 in
924 1203 1079 1301 quodam
1108 1205 1188 1281 loco
1216 1207 1314 1283 ultra
1333 1203 1397 1282 CC
1426 1233 1447 1284 e
1474 1210 1614 1285 nostris

496 1323 595 1398 oaesi
613 1325 661 1400 ab
680 1326 727 1400 iis
745 1328 890 1405 fuerint.
930 1328 1054 1405 Tanta
1073 1331 1168 1407 enim
1186 1331 1255 1416 fuit
1274 1356 1398 1409 eorum
1417 1335 1553 1430 rabies,
1572 1347 1615 1413 ut

495 1451 672 1549 quaterni,
697 1454 838 1530 terniue
856 1479 982 1532 eorum
999 1459 1123 1534 furore
1151 1459 1309 1556 quodam
1336 1460 1410 1536 acti
1426 1461 1610 1560 quingen-

494 1584 552 1652 tos
572 1584 777 1656 nostrorum
796 1582 844 1657 ad
863 1589 1142 1682 portamusque
1161 1584 1199 1660 in
1217 1587 1341 1683 fugam
1352 1589 1611 1666 converterint.

492 1703 576 1779 Non
596 1727 704 1783 secus
724 1709 809 1784 aliis
828 1709 940 1785 etiam
968 1710 1192 1811 inpartibus
1220 1715 1322 1790 urbis
1352 1715 1502 1813 quidam
1520 1717 1611 1792 Bar-

493 1829 664 1907 barorum
683 1833 757 1910 tam
782 1836 928 1912 fortiter
954 1846 1221 1936 pugnaverunt,
1251 1845 1291 1914 ut
1318 1862 1394 1934 cos,
1422 1863 1491 1942 per
1521 1866 1613 1940 qnos

491 1957 565 2057 ipsi
592 1962 788 2037 transfossi
807 1962 1076 2056 moriebantur,
1113 1964 1347 2042 nihilominus
1375 1967 1611 2046 trucidarent

492 2091 552 2164 Ita
578 2090 738 2166 victores
766 2097 877 2188 atque
911 2091 998 2166 victi
1026 2092 1166 2191 pariter
1193 2094 1464 2170 occumbebant.
1504 2095 1609 2189 Quae

494 2215 577 2290 dum
603 2217 773 2315 utrinque
805 2224 993 2312 geruntur,
1022 2218 1183 2294 nonnulli
1207 2219 1458 2296 Barbarorum
1477 2222 1518 2296 in
1536 2225 1612 2298 val-

493 2345 567 2418 lum
595 2365 679 2419 sese
710 2346 978 2445 proripuerunt,
1007 2348 1365 2446 propugnaculisque
1394 2349 1611 2440 munierunt,

494 2478 597 2546 tauta
615 2471 781 2566 audacia,
799 2480 840 2547 ut
857 2473 976 2549 tribus
995 2473 1137 2548 vicibus
1157 2479 1303 2550 nostros
1323 2473 1371 2549 ad
1390 2481 1535 2572 portam
1556 2496 1612 2550 us·

493 2621 564 2694 que
592 2599 898 2698 propulsaverint,
927 2596 1053 2699 procul
1081 2597 1191 2674 dubio
1210 2605 1288 2675 tota
1314 2599 1405 2675 urbe
1434 2601 1611 2688 exacturi,

492 2724 565 2798 nisi
582 2725 761 2821 laurigeri
780 2749 904 2800 corum
932 2725 1046 2802 furori
1065 2725 1299 2818 restitissent,
1328 2725 1611 2824 inclinatamque

492 2875 652 2952 pugnam
671 2852 935 2927 restituissent:
955 2852 1039 2929 ideo
1058 2875 1212 2928 neeesse
1238 2851 1307 2928 fnit
1325 2860 1507 2929 tormenta
1525 2853 1611 2928 illuc

492 2979 627 3055 bellica
645 2978 781 3072 afferri,
803 2978 923 3077 iisque
942 2979 1103 3054 rebelles
1123 2978 1314 3054 Barbaros
1331 2979 1370 3053 in
1389 2985 1610 3078 potestatem

492 3104 674 3201 redigere.
713 3100 788 3178 Sed
816 3109 1011 3202 postquam
1030 3101 1153 3178 Bassa
1171 3103 1338 3202 proxime
1358 3102 1405 3178 ad
1423 3102 1610 3179 sinistram

492 3239 622 3331 portae
642 3237 796 3330 partem,
825 3229 967 3305 dnobus
986 3228 1235 3304 tormentariis
1265 3227 1388 3326 globis
1416 3229 1463 3304 ab
1483 3227 1609 3328 Vnga-

493 3357 570 3431 rico
587 3356 711 3454 pedite
729 3357 823 3430 ictus
841 3355 880 3428 in
898 3356 998 3430 vallo
1019 3376 1099 3429 cum
1118 3355 1235 3430 XXX
1255 3354 1507 3431 selectissimis
1527 3379 1609 3434 suo-

492 3505 571 3559 rum
591 3481 821 3581 procidisset,
840 3480 960 3557 altera
970 3503 1079 3556 manu
1088 3481 1262 3577 gladium,
1282 3482 1456 3557 vexillum
1475 3503 1609 3578 gerens

493 3609 623 3700 altera,
643 3606 833 3684 confestim
843 3607 969 3700 ceteri,
981 3629 1054 3704 qua
1073 3607 1202 3706 cuique
1212 3608 1415 3707 proximum
1434 3608 1513 3698 luit,
1535 3615 1608 3684 trc-

492 3737 570 3838 pidi
597 3736 789 3834 diffugere.
821 3733 895 3810 Sed
924 3731 1088 3811 nonnulli
1117 3736 1239 3812 vivum
1267 3759 1351 3812 csse
1380 3743 1527 3836 captum
1559 3738 1610 3814 di-

492 3879 587 3964 cunt,
607 3868 781 3965 caesique
808 3871 942 3963 postea
975 3872 1085 3964 caput
1112 3865 1299 3960 Vagarioo
1329 3866 1606 3966 propugnaculo

494 3999 652 4074 affixum.
673 3993 860 4069 Primores
879 3991 1013 4090 quique
1031 3991 1279 4068 Barbarorum
1299 4015 1379 4069 cum
1399 3989 1610 4092 Gymlisnis

495 4132 532 4201 et
549 4119 734 4198 Beslianis
755 4117 877 4214 Aglis
897 4117 1134 4216 AlayBegis,
1154 4125 1191 4192 et
1199 4119 1225 4195 J
1228 4141 1340 4193 anzar
1360 4118 1469 4214 Aglis
1489 4119 1527 4192 in
1546 4143 1609 4215 ag·

494 4273 583 4344 gere
603 4271 683 4324 eum
702 4245 778 4321 suis
798 4243 1010 4321 cohortibus
1021 4245 1226 4321 obtruncati
1237 4246 1351 4320 fuere.
1371 4243 1513 4320 Parsin
1534 4245 1608 4319 val-

495 4378 568 4453 lum
587 4398 629 4450 se
647 4380 872 4472 receperunt,
900 4379 937 4447 et
965 4395 1045 4447 cum
1073 4371 1121 4447 ad
1151 4379 1352 4447 extremum
1371 4395 1506 4468 magna
1526 4393 1608 4447 ses
1714 4349 1715 4375 Ν

494 4502 632 4581 nostris
649 4499 893 4599 impressione
912 4498 1311 4597 petioonspioareutur,
1334 4497 1533 4596 desperata
1552 4519 1607 4572 sa-

495 4629 573 4705 lute
592 4626 775 4704 vindictae
795 4626 915 4702 studio
936 4624 1124 4724 pulverem
1143 4625 1422 4700 tormentarium
1447 4624 1482 4698 in
1509 4624 1607 4698 vallo
1712 4673 1713 4686 ÷

497 4753 775 4846 inflammarunt,
809 4775 853 4827 ao
878 4752 1024 4830 fortiter
1051 4751 1088 4826 vi
1116 4751 1194 4827 eius
1221 4751 1275 4827 ita
1304 4751 1541 4838 disiecerunt,
1569 4758 1607 4828 nt
1711 4847 1712 4852 Ἰ
