<?xml version="1.0" encoding="UTF-8"?>
<!DOCTYPE html PUBLIC "-//W3C//DTD XHTML 1.0 Transitional//EN"
    "http://www.w3.org/TR/xhtml1/DTD/xhtml1-transitional.dtd">
<html xmlns="http://www.w3.org/1999/xhtml" xml:lang="en" lang="en">
 <head>
  <title>
</title>
<meta http-equiv="Content-Type" content="text/html;charset=utf-8" />
  <meta name='ocr-system' content='tesseract 3.04.00' />
  <meta name='ocr-capabilities' content='ocr_page ocr_carea ocr_par ocr_line ocrx_word'/>
</head>
<body>
  <div class='ocr_page' id='page_1' title='image "./magyarhistorija00decsgoog_0082.png"; bbox 0 0 3625 5534; ppageno 0'>
   <div class='ocr_carea' id='block_1_1' title="bbox 491 431 1156 500">
    <p class='ocr_par' dir='ltr' id='par_1_1' title="bbox 491 431 1156 500">
     <span class='ocr_line' id='line_1_1' title="bbox 491 431 1156 500; baseline -0.017 0"><span class='ocrx_word' id='word_1_1' title='bbox 491 431 634 500; x_wconf 87' lang='lat' dir='ltr'>LXXIV</span> <span class='ocrx_word' id='word_1_2' title='bbox 963 445 1156 495; x_wconf 72' lang='lat' dir='ltr'><strong>mnenon.</strong></span> 
     </span>
    </p>
   </div>
   <div class='ocr_carea' id='block_1_2' title="bbox 491 609 1613 790">
    <p class='ocr_par' dir='ltr' id='par_1_2' title="bbox 491 609 1613 790">
     <span class='ocr_line' id='line_1_2' title="bbox 491 609 1613 790; baseline -0.009 -21"><span class='ocrx_word' id='word_1_3' title='bbox 491 703 568 790; x_wconf 88' lang='lat' dir='ltr'><strong>Cap.</strong></span> <span class='ocrx_word' id='word_1_4' title='bbox 585 702 639 767; x_wconf 90' lang='lat' dir='ltr'><strong>IV.</strong></span> <span class='ocrx_word' id='word_1_5' title='bbox 657 699 707 764; x_wconf 89' lang='lat' dir='ltr'><strong>De</strong></span> <span class='ocrx_word' id='word_1_6' title='bbox 724 697 842 763; x_wconf 86' lang='lat' dir='ltr'><strong>Sinano</strong></span> <span class='ocrx_word' id='word_1_7' title='bbox 869 695 1035 761; x_wconf 89' lang='lat' dir='ltr'><strong>Belliduce</strong></span> <span class='ocrx_word' id='word_1_8' title='bbox 1059 697 1241 778; x_wconf 85' lang='lat' dir='ltr'><strong>constituto,</strong></span> <span class='ocrx_word' id='word_1_9' title='bbox 1257 704 1289 759; x_wconf 87' lang='lat' dir='ltr'><strong>el</strong></span> <span class='ocrx_word' id='word_1_10' title='bbox 1304 699 1458 782; x_wconf 87' lang='lat' dir='ltr'><strong>portentis</strong></span> <span class='ocrx_word' id='word_1_11' title='bbox 1475 699 1546 784; x_wconf 91' lang='lat' dir='ltr'><strong>qni·</strong></span> <span class='ocrx_word' id='word_1_12' title='bbox 1552 609 1613 675; x_wconf 68' lang='lat'><strong><em>1⁴⁰1&gt;</em></strong></span> 
     </span>
    </p>
   </div>
   <div class='ocr_carea' id='block_1_3' title="bbox 487 805 1606 1002">
    <p class='ocr_par' dir='ltr' id='par_1_3' title="bbox 487 805 1606 1002">
     <span class='ocr_line' id='line_1_3' title="bbox 487 805 1606 1002; baseline -0.006 -21"><span class='ocrx_word' id='word_1_13' title='bbox 487 915 566 1002; x_wconf 83' lang='lat' dir='ltr'><strong>Cep.</strong></span> <span class='ocrx_word' id='word_1_14' title='bbox 584 805 978 996; x_wconf 34' lang='lat' dir='ltr'><strong>Vlsdiligitiinibmiad</strong></span> <span class='ocrx_word' id='word_1_15' title='bbox 990 851 1231 974; x_wconf 75' lang='lat' dir='ltr'><strong>confoederatos</strong></span> <span class='ocrx_word' id='word_1_16' title='bbox 1247 850 1542 997; x_wconf 31' lang='lat' dir='ltr'><strong>dimisissem&amp;</strong></span> <span class='ocrx_word' id='word_1_17' title='bbox 1566 806 1606 868; x_wconf 71' lang='lat'><strong>2¹</strong></span> 
     </span>
    </p>
   </div>
   <div class='ocr_carea' id='block_1_4' title="bbox 485 1016 1610 1213">
    <p class='ocr_par' dir='ltr' id='par_1_4' title="bbox 485 1016 1610 1213">
     <span class='ocr_line' id='line_1_4' title="bbox 592 1016 1610 1104; baseline -0.002 -20"><span class='ocrx_word' id='word_1_18' title='bbox 592 1021 653 1085; x_wconf 89' lang='lat' dir='ltr'><strong>mis</strong></span> <span class='ocrx_word' id='word_1_19' title='bbox 669 1017 711 1084; x_wconf 86' lang='lat' dir='ltr'><strong>ad</strong></span> <span class='ocrx_word' id='word_1_20' title='bbox 726 1016 969 1104; x_wconf 84' lang='lat' dir='ltr'><strong>Transylvanos</strong></span> <span class='ocrx_word' id='word_1_21' title='bbox 1043 1065 1540 1083; x_wconf 90' lang='grc'><strong>..........</strong></span> <span class='ocrx_word' id='word_1_22' title='bbox 1566 1019 1610 1082; x_wconf 88' lang='grc'><strong>22</strong></span> 
     </span>
     <span class='ocr_line' id='line_1_5' title="bbox 485 1121 1543 1213; baseline -0.003 -22"><span class='ocrx_word' id='word_1_23' title='bbox 485 1125 565 1213; x_wconf 86' lang='lat' dir='ltr'><strong>Cap.</strong></span> <span class='ocrx_word' id='word_1_24' title='bbox 591 1125 646 1190; x_wconf 92' lang='lat' dir='ltr'><strong>VI.</strong></span> <span class='ocrx_word' id='word_1_25' title='bbox 671 1125 724 1190; x_wconf 93' lang='lat' dir='ltr'><strong>De</strong></span> <span class='ocrx_word' id='word_1_26' title='bbox 750 1126 893 1189; x_wconf 85' lang='lat' dir='ltr'><strong>oratione</strong></span> <span class='ocrx_word' id='word_1_27' title='bbox 918 1122 1109 1190; x_wconf 89' lang='lat' dir='ltr'><strong>Mahometis</strong></span> <span class='ocrx_word' id='word_1_28' title='bbox 1141 1121 1282 1206; x_wconf 87' lang='lat' dir='ltr'><strong>Chausii,</strong></span> <span class='ocrx_word' id='word_1_29' title='bbox 1298 1122 1340 1188; x_wconf 83' lang='lat' dir='ltr'><strong>ad</strong></span> <span class='ocrx_word' id='word_1_30' title='bbox 1360 1124 1543 1211; x_wconf 90' lang='lat' dir='ltr'><strong>principem</strong></span> 
     </span>
    </p>
   </div>
   <div class='ocr_carea' id='block_1_5' title="bbox 479 1231 1610 2386">
    <p class='ocr_par' dir='ltr' id='par_1_5' title="bbox 484 1231 1610 1425">
     <span class='ocr_line' id='line_1_6' title="bbox 592 1231 1610 1316; baseline 0 -22"><span class='ocrx_word' id='word_1_31' title='bbox 592 1231 837 1316; x_wconf 81' lang='lat' dir='ltr'><strong>Transyvanum</strong></span> <span class='ocrx_word' id='word_1_32' title='bbox 872 1276 1539 1299; x_wconf 90' lang='grc'><strong>.............</strong></span> <span class='ocrx_word' id='word_1_33' title='bbox 1567 1231 1610 1296; x_wconf 86' lang='grc'><strong>23</strong></span> 
     </span>
     <span class='ocr_line' id='line_1_7' title="bbox 484 1336 1541 1425; baseline -0.003 -20"><span class='ocrx_word' id='word_1_34' title='bbox 484 1340 563 1425; x_wconf 86' lang='lat' dir='ltr'><strong>Cap.</strong></span> <span class='ocrx_word' id='word_1_35' title='bbox 578 1339 652 1404; x_wconf 92' lang='lat' dir='ltr'><strong>VII.</strong></span> <span class='ocrx_word' id='word_1_36' title='bbox 669 1338 720 1402; x_wconf 90' lang='lat' dir='ltr'><strong>De</strong></span> <span class='ocrx_word' id='word_1_37' title='bbox 735 1336 903 1424; x_wconf 85' lang='lat' dir='ltr'><strong>postulatis</strong></span> <span class='ocrx_word' id='word_1_38' title='bbox 914 1336 1064 1404; x_wconf 77' lang='lat' dir='ltr'><strong>Caesaris</strong></span> <span class='ocrx_word' id='word_1_39' title='bbox 1079 1359 1100 1401; x_wconf 86' lang='lat' dir='ltr'><strong>a</strong></span> <span class='ocrx_word' id='word_1_40' title='bbox 1109 1337 1259 1423; x_wconf 77' lang='lat' dir='ltr'><strong>Principe</strong></span> <span class='ocrx_word' id='word_1_41' title='bbox 1274 1337 1541 1424; x_wconf 80' lang='lat' dir='ltr'><strong>Transylvaniae,</strong></span> 
     </span>
    </p>

    <p class='ocr_par' dir='ltr' id='par_1_6' title="bbox 483 1445 1607 1746">
     <span class='ocr_line' id='line_1_8' title="bbox 589 1445 1606 1514; baseline -0.002 -3"><span class='ocrx_word' id='word_1_42' title='bbox 589 1456 622 1512; x_wconf 88' lang='lat' dir='ltr'><strong>et</strong></span> <span class='ocrx_word' id='word_1_43' title='bbox 637 1445 786 1512; x_wconf 73' lang='lat' dir='ltr'><strong>Caesaris</strong></span> <span class='ocrx_word' id='word_1_44' title='bbox 801 1446 919 1510; x_wconf 87' lang='lat' dir='ltr'><strong>Literis</strong></span> <span class='ocrx_word' id='word_1_45' title='bbox 981 1493 1534 1514; x_wconf 89' lang='grc'><strong>...........</strong></span> <span class='ocrx_word' id='word_1_46' title='bbox 1562 1448 1606 1511; x_wconf 83' lang='grc'><strong>28</strong></span> 
     </span>
     <span class='ocr_line' id='line_1_9' title="bbox 485 1551 1607 1641; baseline -0.001 -22"><span class='ocrx_word' id='word_1_47' title='bbox 485 1553 563 1641; x_wconf 85' lang='lat' dir='ltr'><strong>Cap.</strong></span> <span class='ocrx_word' id='word_1_48' title='bbox 580 1554 670 1619; x_wconf 89' lang='lat' dir='ltr'><strong>VIII.</strong></span> <span class='ocrx_word' id='word_1_49' title='bbox 686 1554 737 1618; x_wconf 94' lang='lat' dir='ltr'><strong>De</strong></span> <span class='ocrx_word' id='word_1_50' title='bbox 752 1552 955 1640; x_wconf 87' lang='lat' dir='ltr'><strong>deprehensa</strong></span> <span class='ocrx_word' id='word_1_51' title='bbox 969 1551 1160 1618; x_wconf 77' lang='lat' dir='ltr'><strong>Mahometis</strong></span> <span class='ocrx_word' id='word_1_52' title='bbox 1177 1551 1311 1618; x_wconf 84' lang='lat' dir='ltr'><strong>Chnnsii</strong></span> <span class='ocrx_word' id='word_1_53' title='bbox 1330 1551 1441 1618; x_wconf 84' lang='lat' dir='ltr'><strong>fraudo</strong></span> <span class='ocrx_word' id='word_1_54' title='bbox 1473 1600 1480 1614; x_wconf 91' lang='lat'><strong>.</strong></span> <span class='ocrx_word' id='word_1_55' title='bbox 1528 1601 1537 1617; x_wconf 93' lang='lat'><strong>.</strong></span> <span class='ocrx_word' id='word_1_56' title='bbox 1563 1554 1607 1618; x_wconf 88' lang='grc'><strong>29</strong></span> 
     </span>
     <span class='ocr_line' id='line_1_10' title="bbox 483 1655 1536 1746; baseline -0.003 -21"><span class='ocrx_word' id='word_1_57' title='bbox 483 1659 561 1746; x_wconf 89' lang='lat' dir='ltr'><strong>Cap.</strong></span> <span class='ocrx_word' id='word_1_58' title='bbox 576 1659 635 1724; x_wconf 91' lang='lat' dir='ltr'><strong>IX.</strong></span> <span class='ocrx_word' id='word_1_59' title='bbox 650 1659 703 1724; x_wconf 91' lang='lat' dir='ltr'><strong>De</strong></span> <span class='ocrx_word' id='word_1_60' title='bbox 719 1657 852 1743; x_wconf 80' lang='lat' dir='ltr'><strong>Georgii</strong></span> <span class='ocrx_word' id='word_1_61' title='bbox 867 1655 1024 1724; x_wconf 81' lang='lat' dir='ltr'><strong>Ravandii</strong></span> <span class='ocrx_word' id='word_1_62' title='bbox 1043 1657 1143 1723; x_wconf 91' lang='lat' dir='ltr'><strong>literis</strong></span> <span class='ocrx_word' id='word_1_63' title='bbox 1158 1655 1201 1722; x_wconf 90' lang='lat' dir='ltr'><strong>ad</strong></span> <span class='ocrx_word' id='word_1_64' title='bbox 1215 1657 1400 1745; x_wconf 84' lang='lat' dir='ltr'><strong>Principem</strong></span> <span class='ocrx_word' id='word_1_65' title='bbox 1415 1668 1536 1724; x_wconf 88' lang='lat' dir='ltr'><strong>etcum</strong></span> 
     </span>
    </p>

    <p class='ocr_par' dir='ltr' id='par_1_7' title="bbox 480 1764 1606 2068">
     <span class='ocr_line' id='line_1_11' title="bbox 589 1764 1606 1852; baseline -0.001 -21"><span class='ocrx_word' id='word_1_66' title='bbox 589 1767 710 1832; x_wconf 82' lang='lat' dir='ltr'><strong>Sinano</strong></span> <span class='ocrx_word' id='word_1_67' title='bbox 726 1764 893 1852; x_wconf 86' lang='lat' dir='ltr'><strong>colloquiis</strong></span> <span class='ocrx_word' id='word_1_68' title='bbox 928 1813 1534 1833; x_wconf 90' lang='grc'><strong>............</strong></span> <span class='ocrx_word' id='word_1_69' title='bbox 1560 1766 1606 1830; x_wconf 83' lang='grc'><strong>30</strong></span> 
     </span>
     <span class='ocr_line' id='line_1_12' title="bbox 481 1869 1604 1960; baseline -0.003 -20"><span class='ocrx_word' id='word_1_70' title='bbox 481 1873 559 1960; x_wconf 88' lang='lat' dir='ltr'><strong>Cap.</strong></span> <span class='ocrx_word' id='word_1_71' title='bbox 575 1873 618 1940; x_wconf 91' lang='lat' dir='ltr'><strong>X.</strong></span> <span class='ocrx_word' id='word_1_72' title='bbox 636 1872 686 1936; x_wconf 86' lang='lat' dir='ltr'><strong>Dc</strong></span> <span class='ocrx_word' id='word_1_73' title='bbox 702 1870 802 1936; x_wconf 87' lang='lat' dir='ltr'><strong>Paulo</strong></span> <span class='ocrx_word' id='word_1_74' title='bbox 817 1869 1017 1954; x_wconf 75' lang='lat' dir='ltr'><strong>Markhtzio,</strong></span> <span class='ocrx_word' id='word_1_75' title='bbox 1042 1880 1202 1958; x_wconf 89' lang='lat' dir='ltr'><strong>postremo</strong></span> <span class='ocrx_word' id='word_1_76' title='bbox 1227 1873 1366 1938; x_wconf 89' lang='lat' dir='ltr'><strong>Ibraimo</strong></span> <span class='ocrx_word' id='word_1_77' title='bbox 1381 1871 1542 1960; x_wconf 88' lang='lat' dir='ltr'><strong>appellato</strong></span> <span class='ocrx_word' id='word_1_78' title='bbox 1559 1874 1604 1938; x_wconf 86' lang='grc'><strong>32</strong></span> 
     </span>
     <span class='ocr_line' id='line_1_13' title="bbox 480 1979 1535 2068; baseline -0.002 -21"><span class='ocrx_word' id='word_1_79' title='bbox 480 1980 559 2068; x_wconf 89' lang='lat' dir='ltr'><strong>Cap.</strong></span> <span class='ocrx_word' id='word_1_80' title='bbox 575 1980 633 2046; x_wconf 87' lang='lat' dir='ltr'><strong>XI.</strong></span> <span class='ocrx_word' id='word_1_81' title='bbox 658 1980 709 2044; x_wconf 93' lang='lat' dir='ltr'><strong>De</strong></span> <span class='ocrx_word' id='word_1_82' title='bbox 733 1979 897 2045; x_wconf 74' lang='lat' dir='ltr'><strong>Ravandio</strong></span> <span class='ocrx_word' id='word_1_83' title='bbox 924 1979 1054 2045; x_wconf 89' lang='lat' dir='ltr'><strong>domum</strong></span> <span class='ocrx_word' id='word_1_84' title='bbox 1080 2003 1153 2045; x_wconf 90' lang='lat' dir='ltr'><strong>cum</strong></span> <span class='ocrx_word' id='word_1_85' title='bbox 1179 1982 1271 2046; x_wconf 83' lang='lat' dir='ltr'><strong>novis</strong></span> <span class='ocrx_word' id='word_1_86' title='bbox 1287 1979 1330 2046; x_wconf 85' lang='lat' dir='ltr'><strong>ad</strong></span> <span class='ocrx_word' id='word_1_87' title='bbox 1351 1981 1535 2068; x_wconf 84' lang='lat' dir='ltr'><strong>Principem</strong></span> 
     </span>
    </p>

    <p class='ocr_par' dir='ltr' id='par_1_8' title="bbox 479 2085 1603 2281">
     <span class='ocr_line' id='line_1_14' title="bbox 585 2085 1603 2174; baseline -0.002 -21"><span class='ocrx_word' id='word_1_88' title='bbox 585 2085 825 2174; x_wconf 86' lang='lat' dir='ltr'><strong>Sigismundum</strong></span> <span class='ocrx_word' id='word_1_89' title='bbox 840 2086 973 2172; x_wconf 87' lang='lat' dir='ltr'><strong>Legatis</strong></span> <span class='ocrx_word' id='word_1_90' title='bbox 992 2089 1125 2152; x_wconf 90' lang='lat' dir='ltr'><strong>remisso</strong></span> <span class='ocrx_word' id='word_1_91' title='bbox 1195 2136 1532 2155; x_wconf 90' lang='grc'><strong>.......</strong></span> <span class='ocrx_word' id='word_1_92' title='bbox 1558 2087 1603 2152; x_wconf 85' lang='grc'><strong>34</strong></span> 
     </span>
     <span class='ocr_line' id='line_1_15' title="bbox 479 2190 1531 2281; baseline -0.001 -21"><span class='ocrx_word' id='word_1_93' title='bbox 479 2194 559 2280; x_wconf 88' lang='lat' dir='ltr'><strong>Cap.</strong></span> <span class='ocrx_word' id='word_1_94' title='bbox 575 2193 651 2258; x_wconf 88' lang='lat' dir='ltr'><strong>XII.</strong></span> <span class='ocrx_word' id='word_1_95' title='bbox 666 2193 719 2258; x_wconf 91' lang='lat' dir='ltr'><strong>De</strong></span> <span class='ocrx_word' id='word_1_96' title='bbox 734 2190 904 2281; x_wconf 85' lang='lat' dir='ltr'><strong>expeditis,</strong></span> <span class='ocrx_word' id='word_1_97' title='bbox 920 2192 1009 2259; x_wconf 81' lang='lat' dir='ltr'><strong>etad</strong></span> <span class='ocrx_word' id='word_1_98' title='bbox 1025 2215 1100 2260; x_wconf 86' lang='lat' dir='ltr'><strong>suos</strong></span> <span class='ocrx_word' id='word_1_99' title='bbox 1119 2193 1261 2258; x_wconf 87' lang='lat' dir='ltr'><strong>remissis</strong></span> <span class='ocrx_word' id='word_1_100' title='bbox 1277 2194 1455 2259; x_wconf 85' lang='lat' dir='ltr'><strong>Turcarum</strong></span> <span class='ocrx_word' id='word_1_101' title='bbox 1471 2194 1531 2259; x_wconf 93' lang='lat' dir='ltr'><strong>Le·</strong></span> 
     </span>
    </p>

    <p class='ocr_par' dir='ltr' id='par_1_9' title="bbox 584 2301 1601 2386">
     <span class='ocr_line' id='line_1_16' title="bbox 584 2301 1601 2386; baseline 0.001 -21"><span class='ocrx_word' id='word_1_102' title='bbox 584 2301 668 2386; x_wconf 82' lang='lat' dir='ltr'><strong>gatis</strong></span> <span class='ocrx_word' id='word_1_103' title='bbox 701 2347 1533 2369; x_wconf 90' lang='lat'><strong>................</strong></span> <span class='ocrx_word' id='word_1_104' title='bbox 1557 2303 1601 2367; x_wconf 87' lang='grc'><strong>36</strong></span> 
     </span>
    </p>
   </div>
   <div class='ocr_carea' id='block_1_6' title="bbox 877 2476 1169 2532">
    <p class='ocr_par' dir='ltr' id='par_1_10' title="bbox 877 2476 1169 2532">
     <span class='ocr_line' id='line_1_17' title="bbox 877 2476 1169 2532; baseline 0.003 -3"><span class='ocrx_word' id='word_1_105' title='bbox 877 2476 989 2530; x_wconf 82' lang='lat' dir='ltr'><strong>LIBER</strong></span> <span class='ocrx_word' id='word_1_106' title='bbox 1007 2478 1169 2532; x_wconf 76' lang='lat' dir='ltr'><strong>TERTIVS.</strong></span> 
     </span>
    </p>
   </div>
   <div class='ocr_carea' id='block_1_7' title="bbox 463 2603 1599 4738">
    <p class='ocr_par' dir='ltr' id='par_1_11' title="bbox 474 2603 1599 2908">
     <span class='ocr_line' id='line_1_18' title="bbox 476 2603 1598 2693; baseline -0.001 -22"><span class='ocrx_word' id='word_1_107' title='bbox 476 2607 557 2693; x_wconf 87' lang='lat' dir='ltr'><strong>Cap.</strong></span> <span class='ocrx_word' id='word_1_108' title='bbox 572 2606 598 2670; x_wconf 96' lang='lat' dir='ltr'><strong>I.</strong></span> <span class='ocrx_word' id='word_1_109' title='bbox 614 2605 666 2670; x_wconf 88' lang='lat' dir='ltr'><strong>De</strong></span> <span class='ocrx_word' id='word_1_110' title='bbox 682 2603 810 2670; x_wconf 86' lang='lat' dir='ltr'><strong>Aarone</strong></span> <span class='ocrx_word' id='word_1_111' title='bbox 825 2625 867 2670; x_wconf 88' lang='lat' dir='ltr'><strong>ex</strong></span> <span class='ocrx_word' id='word_1_112' title='bbox 882 2606 1064 2693; x_wconf 88' lang='lat' dir='ltr'><strong>principatu</strong></span> <span class='ocrx_word' id='word_1_113' title='bbox 1078 2604 1261 2671; x_wconf 85' lang='lat' dir='ltr'><strong>Moldaviae</strong></span> <span class='ocrx_word' id='word_1_114' title='bbox 1277 2605 1402 2671; x_wconf 87' lang='lat' dir='ltr'><strong>deiecto</strong></span> <span class='ocrx_word' id='word_1_115' title='bbox 1466 2653 1474 2668; x_wconf 92' lang='lat'><strong>.</strong></span> <span class='ocrx_word' id='word_1_116' title='bbox 1522 2651 1528 2666; x_wconf 91' lang='lat'><strong>.</strong></span> <span class='ocrx_word' id='word_1_117' title='bbox 1553 2604 1598 2670; x_wconf 86' lang='grc'><strong>38</strong></span> 
     </span>
     <span class='ocr_line' id='line_1_19' title="bbox 475 2711 1599 2800; baseline -0.005 -20"><span class='ocrx_word' id='word_1_118' title='bbox 475 2713 555 2798; x_wconf 89' lang='lat' dir='ltr'><strong>Cap.</strong></span> <span class='ocrx_word' id='word_1_119' title='bbox 570 2713 612 2776; x_wconf 92' lang='lat'><strong>11.</strong></span> <span class='ocrx_word' id='word_1_120' title='bbox 628 2711 680 2776; x_wconf 89' lang='lat' dir='ltr'><strong>De</strong></span> <span class='ocrx_word' id='word_1_121' title='bbox 697 2711 792 2776; x_wconf 89' lang='lat' dir='ltr'><strong>Petro</strong></span> <span class='ocrx_word' id='word_1_122' title='bbox 809 2711 948 2798; x_wconf 89' lang='lat' dir='ltr'><strong>quodam</strong></span> <span class='ocrx_word' id='word_1_123' title='bbox 962 2713 1158 2779; x_wconf 82' lang='lat' dir='ltr'><strong>Moldaviam</strong></span> <span class='ocrx_word' id='word_1_124' title='bbox 1174 2721 1352 2800; x_wconf 85' lang='lat' dir='ltr'><strong>occupante</strong></span> <span class='ocrx_word' id='word_1_125' title='bbox 1412 2762 1419 2780; x_wconf 93' lang='lat'><strong>.</strong></span> <span class='ocrx_word' id='word_1_126' title='bbox 1469 2760 1475 2775; x_wconf 93' lang='lat'><strong>.</strong></span> <span class='ocrx_word' id='word_1_127' title='bbox 1523 2711 1599 2775; x_wconf 84' lang='grc'><strong>,39</strong></span> 
     </span>
     <span class='ocr_line' id='line_1_20' title="bbox 474 2816 1505 2908; baseline -0.005 -20"><span class='ocrx_word' id='word_1_128' title='bbox 474 2821 553 2906; x_wconf 87' lang='lat' dir='ltr'><strong>Cap.</strong></span> <span class='ocrx_word' id='word_1_129' title='bbox 570 2819 630 2885; x_wconf 89' lang='lat'><strong>111.</strong></span> <span class='ocrx_word' id='word_1_130' title='bbox 647 2819 698 2884; x_wconf 93' lang='lat' dir='ltr'><strong>De</strong></span> <span class='ocrx_word' id='word_1_131' title='bbox 714 2816 920 2906; x_wconf 80' lang='lat' dir='ltr'><strong>expeditione</strong></span> <span class='ocrx_word' id='word_1_132' title='bbox 936 2819 1233 2908; x_wconf 81' lang='lat' dir='ltr'><strong>Transylvnnorum</strong></span> <span class='ocrx_word' id='word_1_133' title='bbox 1258 2821 1293 2885; x_wconf 93' lang='lat' dir='ltr'><strong>in</strong></span> <span class='ocrx_word' id='word_1_134' title='bbox 1307 2818 1505 2885; x_wconf 80' lang='lat' dir='ltr'><strong>Moldnviam</strong></span> 
     </span>
    </p>

    <p class='ocr_par' dir='ltr' id='par_1_12' title="bbox 473 2921 1595 3123">
     <span class='ocr_line' id='line_1_21' title="bbox 579 2921 1595 2997; baseline -0.002 -4"><span class='ocrx_word' id='word_1_135' title='bbox 579 2921 691 2994; x_wconf 81' lang='lat' dir='ltr'><strong>contra</strong></span> <span class='ocrx_word' id='word_1_136' title='bbox 705 2927 836 2992; x_wconf 89' lang='lat' dir='ltr'><strong>Petrum</strong></span> <span class='ocrx_word' id='word_1_137' title='bbox 874 2975 1527 2997; x_wconf 89' lang='grc'><strong>.............</strong></span> <span class='ocrx_word' id='word_1_138' title='bbox 1548 2927 1595 2995; x_wconf 84' lang='grc'><strong>40</strong></span> 
     </span>
     <span class='ocr_line' id='line_1_22' title="bbox 473 3033 1505 3123; baseline -0.004 -21"><span class='ocrx_word' id='word_1_139' title='bbox 473 3036 551 3123; x_wconf 90' lang='lat' dir='ltr'><strong>Cap.</strong></span> <span class='ocrx_word' id='word_1_140' title='bbox 567 3035 623 3100; x_wconf 93' lang='lat' dir='ltr'><strong>1v.</strong></span> <span class='ocrx_word' id='word_1_141' title='bbox 640 3033 707 3100; x_wconf 87' lang='lat' dir='ltr'><strong>Cur</strong></span> <span class='ocrx_word' id='word_1_142' title='bbox 722 3035 849 3100; x_wconf 73' lang='lat' dir='ltr'><strong>&#39;lurcae</strong></span> <span class='ocrx_word' id='word_1_143' title='bbox 873 3055 984 3100; x_wconf 87' lang='lat' dir='ltr'><strong>rursus</strong></span> <span class='ocrx_word' id='word_1_144' title='bbox 1001 3034 1162 3100; x_wconf 81' lang='lat' dir='ltr'><strong>Aaronem</strong></span> <span class='ocrx_word' id='word_1_145' title='bbox 1183 3036 1289 3100; x_wconf 88' lang='lat' dir='ltr'><strong>conati</strong></span> <span class='ocrx_word' id='word_1_146' title='bbox 1305 3037 1369 3101; x_wconf 92' lang='lat' dir='ltr'><strong>sint</strong></span> <span class='ocrx_word' id='word_1_147' title='bbox 1384 3033 1505 3100; x_wconf 90' lang='lat' dir='ltr'><strong>Princi-</strong></span> 
     </span>
    </p>

    <p class='ocr_par' dir='ltr' id='par_1_13' title="bbox 471 3141 1597 3336">
     <span class='ocr_line' id='line_1_23' title="bbox 577 3141 1597 3230; baseline -0.001 -23"><span class='ocrx_word' id='word_1_148' title='bbox 577 3151 654 3229; x_wconf 89' lang='lat' dir='ltr'><strong>patu</strong></span> <span class='ocrx_word' id='word_1_149' title='bbox 670 3143 798 3230; x_wconf 83' lang='lat' dir='ltr'><strong>prIvsre</strong></span> <span class='ocrx_word' id='word_1_150' title='bbox 859 3190 1526 3210; x_wconf 90' lang='grc'><strong>.............</strong></span> <span class='ocrx_word' id='word_1_151' title='bbox 1550 3141 1597 3211; x_wconf 85' lang='grc'><strong>42</strong></span> 
     </span>
     <span class='ocr_line' id='line_1_24' title="bbox 471 3245 1527 3336; baseline -0.003 -21"><span class='ocrx_word' id='word_1_152' title='bbox 471 3249 551 3335; x_wconf 87' lang='lat' dir='ltr'><strong>Cap.</strong></span> <span class='ocrx_word' id='word_1_153' title='bbox 568 3249 608 3314; x_wconf 90' lang='lat' dir='ltr'><strong>V.</strong></span> <span class='ocrx_word' id='word_1_154' title='bbox 625 3247 849 3334; x_wconf 85' lang='lat' dir='ltr'><strong>Sigismundus</strong></span> <span class='ocrx_word' id='word_1_155' title='bbox 865 3248 1021 3336; x_wconf 86' lang='lat' dir='ltr'><strong>Princeps</strong></span> <span class='ocrx_word' id='word_1_156' title='bbox 1037 3245 1274 3334; x_wconf 86' lang='lat' dir='ltr'><strong>expeditionem</strong></span> <span class='ocrx_word' id='word_1_157' title='bbox 1290 3247 1403 3314; x_wconf 82' lang='lat' dir='ltr'><strong>Sinani</strong></span> <span class='ocrx_word' id='word_1_158' title='bbox 1418 3248 1527 3333; x_wconf 85' lang='lat' dir='ltr'><strong>Vnga·</strong></span> 
     </span>
    </p>

    <p class='ocr_par' dir='ltr' id='par_1_14' title="bbox 468 3354 1594 3763">
     <span class='ocr_line' id='line_1_25' title="bbox 575 3354 1594 3441; baseline -0.001 -21"><span class='ocrx_word' id='word_1_159' title='bbox 575 3356 620 3420; x_wconf 86' lang='lat' dir='ltr'><strong>n&#39;s</strong></span> <span class='ocrx_word' id='word_1_160' title='bbox 636 3354 798 3441; x_wconf 86' lang='lat' dir='ltr'><strong>significat</strong></span> <span class='ocrx_word' id='word_1_161' title='bbox 857 3399 1524 3424; x_wconf 88' lang='lat'><strong>.............</strong></span> <span class='ocrx_word' id='word_1_162' title='bbox 1547 3355 1594 3421; x_wconf 81' lang='lat'><strong>43</strong></span> 
     </span>
     <span class='ocr_line' id='line_1_26' title="bbox 469 3459 1591 3549; baseline -0.004 -20"><span class='ocrx_word' id='word_1_163' title='bbox 469 3462 548 3549; x_wconf 82' lang='lat' dir='ltr'><strong>Cap.</strong></span> <span class='ocrx_word' id='word_1_164' title='bbox 565 3461 620 3528; x_wconf 93' lang='lat' dir='ltr'><strong>VI.</strong></span> <span class='ocrx_word' id='word_1_165' title='bbox 636 3462 703 3528; x_wconf 90' lang='lat' dir='ltr'><strong>Iter</strong></span> <span class='ocrx_word' id='word_1_166' title='bbox 718 3461 831 3528; x_wconf 87' lang='lat' dir='ltr'><strong>Sinani</strong></span> <span class='ocrx_word' id='word_1_167' title='bbox 846 3459 1042 3548; x_wconf 85' lang='lat' dir='ltr'><strong>Belgradum</strong></span> <span class='ocrx_word' id='word_1_168' title='bbox 1057 3482 1159 3547; x_wconf 91' lang='lat' dir='ltr'><strong>usque</strong></span> <span class='ocrx_word' id='word_1_169' title='bbox 1175 3459 1366 3526; x_wconf 88' lang='lat' dir='ltr'><strong>describitur</strong></span> <span class='ocrx_word' id='word_1_170' title='bbox 1405 3508 1411 3524; x_wconf 92' lang='lat'><strong>.</strong></span> <span class='ocrx_word' id='word_1_171' title='bbox 1458 3509 1467 3530; x_wconf 96' lang='lat'><strong>.</strong></span> <span class='ocrx_word' id='word_1_172' title='bbox 1515 3460 1591 3525; x_wconf 84' lang='lat'><strong>.44</strong></span> 
     </span>
     <span class='ocr_line' id='line_1_27' title="bbox 469 3567 1593 3657; baseline -0.004 -21"><span class='ocrx_word' id='word_1_173' title='bbox 469 3569 548 3657; x_wconf 86' lang='lat' dir='ltr'><strong>Cap.</strong></span> <span class='ocrx_word' id='word_1_174' title='bbox 565 3569 639 3636; x_wconf 90' lang='lat' dir='ltr'><strong>VII.</strong></span> <span class='ocrx_word' id='word_1_175' title='bbox 656 3568 743 3651; x_wconf 82' lang='lat' dir='ltr'><strong>Quid</strong></span> <span class='ocrx_word' id='word_1_176' title='bbox 759 3569 899 3637; x_wconf 82' lang='lat' dir='ltr'><strong>Sinarus</strong></span> <span class='ocrx_word' id='word_1_177' title='bbox 915 3569 1077 3656; x_wconf 78' lang='lat' dir='ltr'><strong>Belgrsdo</strong></span> <span class='ocrx_word' id='word_1_178' title='bbox 1092 3568 1256 3655; x_wconf 73' lang='lat' dir='ltr'><strong>digressus</strong></span> <span class='ocrx_word' id='word_1_179' title='bbox 1271 3570 1373 3654; x_wconf 79' lang='lat' dir='ltr'><strong>egerit</strong></span> <span class='ocrx_word' id='word_1_180' title='bbox 1404 3618 1414 3637; x_wconf 92' lang='lat'><strong>.</strong></span> <span class='ocrx_word' id='word_1_181' title='bbox 1462 3619 1469 3634; x_wconf 94' lang='lat'><strong>.</strong></span> <span class='ocrx_word' id='word_1_182' title='bbox 1516 3567 1593 3632; x_wconf 79' lang='lat'><strong>,45</strong></span> 
     </span>
     <span class='ocr_line' id='line_1_28' title="bbox 468 3673 1519 3763; baseline -0.001 -22"><span class='ocrx_word' id='word_1_183' title='bbox 468 3674 546 3763; x_wconf 83' lang='lat' dir='ltr'><strong>Cap.</strong></span> <span class='ocrx_word' id='word_1_184' title='bbox 562 3673 652 3741; x_wconf 85' lang='lat' dir='ltr'><strong>vm.</strong></span> <span class='ocrx_word' id='word_1_185' title='bbox 678 3675 819 3742; x_wconf 82' lang='lat' dir='ltr'><strong>Sinarus</strong></span> <span class='ocrx_word' id='word_1_186' title='bbox 846 3677 963 3742; x_wconf 89' lang='lat' dir='ltr'><strong>iterum</strong></span> <span class='ocrx_word' id='word_1_187' title='bbox 990 3674 1184 3760; x_wconf 79' lang='lat' dir='ltr'><strong>legationem</strong></span> <span class='ocrx_word' id='word_1_188' title='bbox 1208 3675 1252 3740; x_wconf 81' lang='lat' dir='ltr'><strong>nd</strong></span> <span class='ocrx_word' id='word_1_189' title='bbox 1274 3675 1519 3763; x_wconf 80' lang='lat' dir='ltr'><strong>Transylvanos</strong></span> 
     </span>
    </p>

    <p class='ocr_par' dir='ltr' id='par_1_15' title="bbox 468 3779 1591 3976">
     <span class='ocr_line' id='line_1_29' title="bbox 574 3779 1591 3870; baseline 0.002 -23"><span class='ocrx_word' id='word_1_190' title='bbox 574 3780 715 3870; x_wconf 85' lang='lat' dir='ltr'><strong>expedit,</strong></span> <span class='ocrx_word' id='word_1_191' title='bbox 731 3783 818 3870; x_wconf 93' lang='lat' dir='ltr'><strong>iique</strong></span> <span class='ocrx_word' id='word_1_192' title='bbox 834 3783 964 3847; x_wconf 83' lang='lat' dir='ltr'><strong>comitia</strong></span> <span class='ocrx_word' id='word_1_193' title='bbox 978 3781 1018 3847; x_wconf 92' lang='lat' dir='ltr'><strong>de</strong></span> <span class='ocrx_word' id='word_1_194' title='bbox 1033 3779 1200 3868; x_wconf 85' lang='lat' dir='ltr'><strong>postulatis</strong></span> <span class='ocrx_word' id='word_1_195' title='bbox 1220 3783 1391 3848; x_wconf 85' lang='lat' dir='ltr'><strong>instituunt</strong></span> <span class='ocrx_word' id='word_1_196' title='bbox 1460 3834 1469 3851; x_wconf 88' lang='lat'><strong>.</strong></span> <span class='ocrx_word' id='word_1_197' title='bbox 1515 3782 1591 3849; x_wconf 84' lang='lat'><strong>.46</strong></span> 
     </span>
     <span class='ocr_line' id='line_1_30' title="bbox 468 3888 1522 3976; baseline 0 -20"><span class='ocrx_word' id='word_1_198' title='bbox 468 3889 549 3976; x_wconf 81' lang='lat' dir='ltr'><strong>Cap.</strong></span> <span class='ocrx_word' id='word_1_199' title='bbox 564 3889 625 3957; x_wconf 88' lang='lat' dir='ltr'><strong>lx.</strong></span> <span class='ocrx_word' id='word_1_200' title='bbox 642 3888 763 3972; x_wconf 88' lang='lat' dir='ltr'><strong>Oratio,</strong></span> <span class='ocrx_word' id='word_1_201' title='bbox 779 3897 810 3954; x_wconf 87' lang='lat' dir='ltr'><strong>et</strong></span> <span class='ocrx_word' id='word_1_202' title='bbox 826 3889 1005 3955; x_wconf 77' lang='lat' dir='ltr'><strong>sententiae</strong></span> <span class='ocrx_word' id='word_1_203' title='bbox 1020 3911 1141 3973; x_wconf 81' lang='lat' dir='ltr'><strong>eorum,</strong></span> <span class='ocrx_word' id='word_1_204' title='bbox 1157 3891 1246 3975; x_wconf 86' lang='lat' dir='ltr'><strong>quia</strong></span> <span class='ocrx_word' id='word_1_205' title='bbox 1264 3889 1402 3955; x_wconf 87' lang='lat' dir='ltr'><strong>Turcico</strong></span> <span class='ocrx_word' id='word_1_206' title='bbox 1418 3891 1522 3976; x_wconf 86' lang='lat' dir='ltr'><strong>Impe-</strong></span> 
     </span>
    </p>

    <p class='ocr_par' dir='ltr' id='par_1_16' title="bbox 465 3995 1590 4190">
     <span class='ocr_line' id='line_1_31' title="bbox 572 3995 1590 4083; baseline -0.001 -22"><span class='ocrx_word' id='word_1_207' title='bbox 572 3997 619 4063; x_wconf 90' lang='lat' dir='ltr'><strong>rio</strong></span> <span class='ocrx_word' id='word_1_208' title='bbox 634 4017 838 4083; x_wconf 78' lang='lat' dir='ltr'><strong>nequequam</strong></span> <span class='ocrx_word' id='word_1_209' title='bbox 854 3995 1069 4064; x_wconf 87' lang='lat' dir='ltr'><strong>deficiendum</strong></span> <span class='ocrx_word' id='word_1_210' title='bbox 1093 4019 1165 4063; x_wconf 88' lang='lat' dir='ltr'><strong>esse</strong></span> <span class='ocrx_word' id='word_1_211' title='bbox 1180 3995 1356 4062; x_wconf 80' lang='lat' dir='ltr'><strong>censebant</strong></span> <span class='ocrx_word' id='word_1_212' title='bbox 1401 4046 1408 4060; x_wconf 90' lang='lat'><strong>.</strong></span> <span class='ocrx_word' id='word_1_213' title='bbox 1458 4043 1465 4058; x_wconf 95' lang='lat'><strong>.</strong></span> <span class='ocrx_word' id='word_1_214' title='bbox 1513 3997 1590 4060; x_wconf 83' lang='grc'><strong>,48</strong></span> 
     </span>
     <span class='ocr_line' id='line_1_32' title="bbox 465 4102 1513 4190; baseline 0.001 -22"><span class='ocrx_word' id='word_1_215' title='bbox 465 4102 545 4190; x_wconf 86' lang='lat' dir='ltr'><strong>Cap.</strong></span> <span class='ocrx_word' id='word_1_216' title='bbox 560 4103 603 4168; x_wconf 88' lang='lat' dir='ltr'><strong>X.</strong></span> <span class='ocrx_word' id='word_1_217' title='bbox 629 4102 740 4168; x_wconf 87' lang='lat' dir='ltr'><strong>Oratio</strong></span> <span class='ocrx_word' id='word_1_218' title='bbox 766 4125 885 4186; x_wconf 86' lang='lat' dir='ltr'><strong>eorum,</strong></span> <span class='ocrx_word' id='word_1_219' title='bbox 909 4104 964 4190; x_wconf 90' lang='lat' dir='ltr'><strong>qui</strong></span> <span class='ocrx_word' id='word_1_220' title='bbox 987 4127 1009 4170; x_wconf 88' lang='lat' dir='ltr'><strong>a</strong></span> <span class='ocrx_word' id='word_1_221' title='bbox 1032 4104 1149 4172; x_wconf 86' lang='lat' dir='ltr'><strong>&#39;Pnrois</strong></span> <span class='ocrx_word' id='word_1_222' title='bbox 1172 4103 1416 4171; x_wconf 87' lang='lat' dir='ltr'><strong>desciscendum</strong></span> <span class='ocrx_word' id='word_1_223' title='bbox 1441 4126 1513 4169; x_wconf 87' lang='lat' dir='ltr'><strong>sua·</strong></span> 
     </span>
    </p>

    <p class='ocr_par' dir='ltr' id='par_1_17' title="bbox 464 4211 1584 4406">
     <span class='ocr_line' id='line_1_33' title="bbox 571 4211 1584 4285; baseline 0 -8"><span class='ocrx_word' id='word_1_224' title='bbox 571 4211 691 4278; x_wconf 86' lang='lat' dir='ltr'><strong>debant</strong></span> <span class='ocrx_word' id='word_1_225' title='bbox 737 4261 746 4279; x_wconf 93' lang='lat'><strong>.</strong></span> <span class='ocrx_word' id='word_1_226' title='bbox 792 4263 800 4281; x_wconf 91' lang='lat'><strong>.</strong></span> <span class='ocrx_word' id='word_1_227' title='bbox 848 4261 856 4276; x_wconf 95' lang='lat'><strong>.</strong></span> <span class='ocrx_word' id='word_1_228' title='bbox 903 4249 913 4277; x_wconf 89' lang='lat'><strong>—.</strong></span> <span class='ocrx_word' id='word_1_229' title='bbox 959 4260 1518 4285; x_wconf 88' lang='grc'><strong>...........</strong></span> <span class='ocrx_word' id='word_1_230' title='bbox 1541 4213 1584 4277; x_wconf 81' lang='grc'><strong>51</strong></span> 
     </span>
     <span class='ocr_line' id='line_1_34' title="bbox 464 4315 1521 4406; baseline 0 -22"><span class='ocrx_word' id='word_1_231' title='bbox 464 4315 546 4403; x_wconf 84' lang='lat' dir='ltr'><strong>Cap.</strong></span> <span class='ocrx_word' id='word_1_232' title='bbox 562 4315 622 4382; x_wconf 89' lang='lat' dir='ltr'><strong>XI.</strong></span> <span class='ocrx_word' id='word_1_233' title='bbox 638 4316 689 4382; x_wconf 93' lang='lat' dir='ltr'><strong>De</strong></span> <span class='ocrx_word' id='word_1_234' title='bbox 705 4315 847 4382; x_wconf 83' lang='lat' dir='ltr'><strong>consiliis</strong></span> <span class='ocrx_word' id='word_1_235' title='bbox 863 4316 1160 4406; x_wconf 77' lang='lat' dir='ltr'><strong>&#39;l&#39;ransylranorum</strong></span> <span class='ocrx_word' id='word_1_236' title='bbox 1184 4321 1218 4384; x_wconf 91' lang='lat' dir='ltr'><strong>in</strong></span> <span class='ocrx_word' id='word_1_237' title='bbox 1233 4327 1323 4385; x_wconf 84' lang='lat' dir='ltr'><strong>tanta</strong></span> <span class='ocrx_word' id='word_1_238' title='bbox 1337 4339 1446 4385; x_wconf 88' lang='lat' dir='ltr'><strong>rerum</strong></span> <span class='ocrx_word' id='word_1_239' title='bbox 1460 4318 1521 4384; x_wconf 85' lang='lat' dir='ltr'><strong>dil·</strong></span> 
     </span>
    </p>

    <p class='ocr_par' dir='ltr' id='par_1_18' title="bbox 463 4422 1587 4619">
     <span class='ocr_line' id='line_1_35' title="bbox 570 4422 1587 4494; baseline 0.003 -6"><span class='ocrx_word' id='word_1_240' title='bbox 570 4422 816 4489; x_wconf 78' lang='lat' dir='ltr'><strong>ficultateInitis</strong></span> <span class='ocrx_word' id='word_1_241' title='bbox 850 4470 1517 4494; x_wconf 91' lang='grc'><strong>.............</strong></span> <span class='ocrx_word' id='word_1_242' title='bbox 1541 4425 1587 4492; x_wconf 86' lang='grc'><strong>62</strong></span> 
     </span>
     <span class='ocr_line' id='line_1_36' title="bbox 463 4527 1519 4619; baseline 0 -22"><span class='ocrx_word' id='word_1_243' title='bbox 463 4529 542 4617; x_wconf 83' lang='lat' dir='ltr'><strong>Cap.</strong></span> <span class='ocrx_word' id='word_1_244' title='bbox 560 4529 634 4595; x_wconf 89' lang='lat' dir='ltr'><strong>XII.</strong></span> <span class='ocrx_word' id='word_1_245' title='bbox 645 4527 865 4616; x_wconf 82' lang='lat' dir='ltr'><strong>Delegatione</strong></span> <span class='ocrx_word' id='word_1_246' title='bbox 875 4531 1035 4619; x_wconf 89' lang='lat' dir='ltr'><strong>Principis</strong></span> <span class='ocrx_word' id='word_1_247' title='bbox 1051 4531 1269 4619; x_wconf 85' lang='lat' dir='ltr'><strong>Transylvani</strong></span> <span class='ocrx_word' id='word_1_248' title='bbox 1279 4531 1321 4597; x_wconf 86' lang='lat' dir='ltr'><strong>ad</strong></span> <span class='ocrx_word' id='word_1_249' title='bbox 1331 4531 1519 4599; x_wconf 84' lang='lat' dir='ltr'><strong>Pontificem</strong></span> 
     </span>
    </p>

    <p class='ocr_par' dir='ltr' id='par_1_19' title="bbox 569 4621 1586 4738">
     <span class='ocr_line' id='line_1_37' title="bbox 569 4621 1586 4738; baseline 0.001 -34"><span class='ocrx_word' id='word_1_250' title='bbox 569 4635 747 4704; x_wconf 76' lang='lat' dir='ltr'><strong>Romanum</strong></span> <span class='ocrx_word' id='word_1_251' title='bbox 757 4637 865 4724; x_wconf 83' lang='lat' dir='ltr'><strong>missa,</strong></span> <span class='ocrx_word' id='word_1_252' title='bbox 881 4647 915 4704; x_wconf 91' lang='lat' dir='ltr'><strong>et</strong></span> <span class='ocrx_word' id='word_1_253' title='bbox 928 4639 1043 4708; x_wconf 87' lang='lat' dir='ltr'><strong>itinere</strong></span> <span class='ocrx_word' id='word_1_254' title='bbox 1059 4637 1293 4730; x_wconf 77' lang='lat' dir='ltr'><strong>Claudiopolim</strong></span> <span class='ocrx_word' id='word_1_255' title='bbox 1308 4647 1457 4738; x_wconf 87' lang='lat' dir='ltr'><strong>suscepto</strong></span> <span class='ocrx_word' id='word_1_256' title='bbox 1540 4621 1586 4706; x_wconf 77' lang='grc'><strong>63</strong></span> 
     </span>
    </p>
   </div>
   <div class='ocr_carea' id='block_1_8' title="bbox 0 0 1818 5534">
    <p class='ocr_par' dir='ltr' id='par_1_20' title="bbox 0 0 1818 5534">
     <span class='ocr_line' id='line_1_38' title="bbox 0 0 1818 5534; baseline 0 11"><span class='ocrx_word' id='word_1_257' title='bbox 0 0 1818 5534; x_wconf 95' lang='lat' dir='ltr'><strong> </strong></span> 
     </span>
    </p>
   </div>
  </div>
 </body>
</html>
