3625 5534
478 477 530 554 58
870 504 920 554 10.
941 503 1042 554 onon
1060 505 1210 556 nuuovn

476 676 703 768 deleverunt,
739 679 1024 765 foeneratorum,
1064 679 1125 775 qui
1155 681 1326 755 fortunas
1355 680 1511 756 omnium
1541 703 1601 754 ex·
1719 662 1720 698 ³

475 801 659 893 hauriunt,
679 811 716 877 et
728 803 962 878 aliasfaeoes
974 803 1169 892 hominum,
1188 804 1357 902 quiinter
1376 806 1485 880 auiae
1503 807 1602 883 illius

475 925 679 1002 ministeria
697 935 946 1018 numerantur,
966 929 1110 1025 harpiis
1130 929 1281 1021 similes,
1301 938 1434 1004 ouuota
1457 933 1602 1030 rapien-

370 1147 375 1154 ἱ
474 1061 543 1142 tes,
561 1053 623 1127 vel
642 1053 847 1146 foedantes,
867 1052 955 1149 qnid
976 1054 1077 1128 aliud
1096 1054 1283 1146 ooniieias,
1311 1077 1431 1153 quem,
1466 1080 1510 1132 eo
1529 1058 1604 1134 iam

472 1185 687 1273 perventum
724 1178 777 1254 ibi
813 1200 909 1271 esse,
946 1186 986 1253 ut
1004 1201 1086 1254 oum
1122 1181 1221 1254 ultra
1248 1187 1321 1254 tam
1350 1203 1514 1274 saevum,
1534 1191 1601 1258 tet

472 1325 626 1399 rumque
653 1304 844 1401 imperium
863 1303 1041 1401 progredi
1056 1304 1272 1396 seeleribus,
1292 1312 1329 1381 et
1347 1305 1515 1398 saevitia,
1537 1333 1602 1385 ne-

474 1433 596 1522 queat,
615 1450 810 1503 necessum
829 1451 926 1520 esse,
937 1436 976 1504 ut
986 1428 1091 1504 brevi
1102 1434 1261 1503 corruat.
1274 1427 1383 1519 Quod
1392 1436 1515 1504 antem
1535 1427 1601 1502 ali·

476 1551 539 1648 qui
557 1553 824 1650 obligationem
842 1553 930 1629 fidei
948 1553 1160 1644 obtendant,
1181 1552 1219 1626 id
1238 1552 1439 1629 cuiusmodi
1463 1553 1523 1640 sit,
1544 1552 1604 1628 vel

474 1699 521 1750 ex
541 1699 585 1750 eo
603 1678 840 1776 perspicitur,
860 1679 958 1775 quod
976 1677 1080 1752 nulla
1099 1700 1180 1752 oum
1207 1677 1265 1770 iis,
1294 1678 1392 1776 apud
1412 1699 1505 1775 qnos
1557 1699 1603 1750 ex

479 1823 598 1898 aequo
619 1799 825 1878 Christiani
852 1803 905 1879 ita
924 1827 1051 1879 omues
1080 1802 1185 1877 exosi
1213 1811 1311 1896 suut,
1329 1810 1369 1879 nt
1398 1802 1547 1899 quidvis
1565 1801 1604 1876 in

476 1951 542 2004 eos
560 1929 640 2004 iure
659 1930 732 2005 sibi
751 1929 866 2006 lioere
885 1939 1024 2030 putent,
1062 1930 1156 2005 fides
1184 1931 1257 2006 ooli
1284 1955 1443 2031 unquam
1471 1929 1602 2030 possit

473 2054 679 2131 Turcarum
699 2056 803 2152 genti
820 2056 984 2132 innatum
1002 2058 1076 2132 hoe
1095 2064 1163 2148 est,
1182 2065 1223 2132 ut
1233 2057 1378 2132 etiamsi
1397 2065 1510 2154 paota
1524 2079 1606 2132 oum

474 2181 641 2257 externis
661 2181 799 2274 ineant,
819 2204 864 2256 ao
881 2182 920 2254 iu
939 2180 1048 2255 fidem
1068 2181 1178 2256 etiam
1207 2203 1273 2256 eos
1298 2183 1489 2281 resipiant,
1526 2205 1606 2256 oum

360 2399 363 2403 ¹
472 2317 597 2384 tamen
615 2307 780 2406 ipsorum
799 2307 990 2383 commodo
1009 2315 1175 2404 possunt,
1196 2308 1346 2384 eosdem
1358 2309 1609 2401 statim,nulia

472 2435 563 2510 taoti
590 2432 784 2530 religione,
820 2442 1007 2533 tamqnam
1035 2433 1192 2511 coelitus
1222 2436 1385 2511 oblatam
1413 2434 1605 2533 praedam,

476 2561 545 2635 sub
565 2558 690 2654 iugum
710 2560 867 2634 mittant
885 2561 958 2634 His
978 2561 1124 2635 artibus
1142 2569 1355 2659 propagata
1373 2568 1458 2635 suut
1477 2581 1606 2635 eorum

470 2685 637 2786 imperia,
658 2685 795 2760 eumin
814 2687 899 2762 aliis
926 2687 1028 2764 orbis
1057 2687 1239 2786 partibus,
1278 2688 1362 2764 dnm
1383 2685 1607 2763 Ottomanus

471 2807 548 2902 ille,
570 2834 593 2885 a
613 2831 686 2907 quo
705 2810 799 2887 haee
817 2807 1023 2887 Caesarum
1042 2811 1283 2915 'Pureioorum
1311 2813 1514 2912 progenies
1536 2812 1605 2886 dii-

473 2933 589 3027 fluxit,
608 2956 696 3012 suos
715 2958 844 3032 aeque,
868 2959 913 3011 ae
931 2935 1086 3026 alienos,
1107 2937 1242 3036 partim
1271 2935 1319 3025 vi,
1348 2936 1486 3035 partim
1506 2937 1605 3014 dolis

470 3060 653 3158 imperata
671 3063 797 3139 faeere
817 3064 951 3159 coegit,
970 3068 1046 3137 tum
1061 3065 1098 3137 in
1117 3063 1189 3138 hao
1207 3063 1301 3161 ipsa,
1322 3085 1430 3160 quam
1450 3085 1521 3139 nos
1551 3064 1604 3136 in-

474 3187 639 3280 colimus,
660 3196 856 3288 postquam
875 3212 899 3263 a
918 3185 1080 3264 Graecis
1100 3191 1255 3281 evocati,
1273 3214 1348 3266 uon
1377 3211 1442 3264 eos
1462 3194 1605 3262 tantum

470 3313 585 3411 ipsos,
606 3314 740 3412 quibus
759 3313 926 3389 subsidio
945 3321 1134 3406 venerant,
1145 3315 1214 3389 sed
1223 3323 1375 3391 ouuotos
1386 3314 1498 3388 etiam
1508 3311 1608 3388 alios

471 3435 644 3514 finitimos
664 3441 833 3536 populos,
852 3447 996 3514 terrore
1016 3440 1136 3536 magis
1155 3439 1323 3528 nominis,
1344 3439 1442 3537 quod
1459 3444 1536 3512 tum
1549 3461 1607 3512 re·

478 3586 567 3638 oens
584 3564 622 3639 iu
641 3565 795 3661 Europa
813 3563 986 3656 auditum,
1006 3566 1237 3662 perterritos,
1257 3588 1366 3663 qnam
1386 3561 1524 3638 bellioa
1535 3562 1608 3637 vir·

470 3697 559 3780 tute,
579 3688 734 3788 imperio
754 3711 821 3764 suo
841 3689 1095 3765 adiunxeruut.
1126 3689 1200 3767 Sed
1228 3711 1308 3780 nos,
1338 3688 1487 3764 omissis
1507 3685 1606 3776 aliis,

470 3817 508 3890 in
527 3815 611 3891 sola
629 3815 701 3890 hao
719 3823 850 3891 nostra
869 3817 1149 3913 Trausylvauia
1159 3816 1409 3906 ostendamus,
1422 3811 1606 3910 quomodo

470 3940 527 4016 iili
546 3965 640 4037 erge
659 3964 726 4017 eos
746 3963 788 4016 se
806 3946 952 4037 gerant,
981 3963 1133 4038 quornm
1165 3942 1285 4032 vitae,
1323 3938 1532 4039 opibusque
1552 3935 1607 4010 in·

471 4066 587 4142 hiant.
604 4064 721 4142 Sicuti
740 4064 805 4140 ille
823 4066 920 4163 pilos
940 4065 1081 4140 eaudee
1110 4067 1267 4162 equinae
1294 4063 1487 4140 vellendos
1518 4061 1607 4136 olim

475 4192 764 4282 demonstrabat,
802 4190 855 4266 ita
882 4191 921 4264 hi
950 4189 1209 4267 beneficiarios
1238 4213 1327 4266 suos
1353 4195 1485 4288 putant
1532 4185 1606 4262 sibi

471 4316 574 4413 prius
593 4316 849 4406 attenuandos,
869 4324 910 4392 nt
928 4317 983 4391 eis
1004 4317 1147 4393 demum
1164 4317 1331 4393 sineullo
1342 4311 1606 4413 impedimento

471 4440 670 4538 potiantur.
698 4439 859 4515 Tributa
878 4441 933 4516 eis
952 4441 1054 4516 nulla
1072 4433 1266 4528 sufficiunt,
1287 4459 1417 4514 munus
1437 4437 1469 4510 si
1498 4437 1603 4512 exhi·

475 4567 570 4640 beas
589 4566 823 4662 quantumvis
852 4567 1085 4656 luculentum,
1123 4567 1162 4640 id
1198 4565 1261 4640 ubi
1290 4561 1492 4639 exhibitum
1529 4567 1600 4650 est,

476 4687 591 4788 periit
609 4691 734 4766 statim
753 4690 834 4767 eius
852 4691 970 4765 omnis
990 4690 1088 4790 apud
1108 4713 1172 4766 eos
1191 4688 1377 4782 memoria,
1388 4708 1485 4762 nove
1503 4684 1607 4760 illioo
