3625 5534
509 471 557 520 ur
576 469 655 520 nuo.
675 471 760 522 vno.
779 471 862 522 nuc.
892 472 927 522 x.
948 432 981 521 c.
1002 474 1037 524 v.
1280 443 1354 520 107

225 638 422 716 audiretur
442 645 490 718 ab
509 643 602 738 ipsis
621 645 797 739 factitari,
816 646 1046 735 invaderent,
1086 650 1146 722 vel
1175 667 1355 743 quoquam

225 762 308 839 alio
327 769 654 863 progrederentur,
673 772 740 845 sed
760 774 933 871 oppidum
955 775 1144 862 duntaxat,
1164 795 1279 869 seque
1299 793 1357 844 so·

223 893 284 965 10⁸
304 896 401 972 tueri
420 904 650 986 conarentur,
669 895 786 972 donec
804 898 887 974 Deo
905 899 1052 974 felicem
1070 896 1356 998 oppugnationis

224 1037 402 1104 eventum
430 1022 552 1112 dante,
572 1021 741 1097 subsidia
759 1022 835 1098 illis
855 1026 1074 1101 submittere
1098 1033 1259 1124 possent.
1282 1021 1356 1098 Ge·

224 1155 360 1250 orgius
379 1170 468 1224 vero
487 1146 691 1223 Palaticius
711 1147 824 1245 longe
844 1148 954 1225 aliam
975 1158 1125 1226 secutus
1146 1150 1254 1238 viam,
1268 1169 1355 1245 qno·

224 1280 319 1355 tidie
340 1299 409 1353 eos
426 1297 522 1350 nuno
539 1296 609 1371 per
626 1275 886 1367 internuncios,
899 1301 1070 1375 nunoper
1080 1278 1209 1352 literas
1219 1277 1358 1351 instan-

226 1415 285 1480 ter
307 1403 485 1490 animare,
504 1407 542 1474 ct
560 1400 666 1474 modo
686 1401 874 1497 pulverem
884 1403 1160 1478 tormentarium
1171 1403 1358 1492 mittendo,

226 1529 340 1605 modo
377 1545 544 1602 rumores
571 1523 617 1597 de
657 1524 819 1600 adventu
847 1525 1032 1625 Principis
1072 1528 1360 1636 disseminando,

227 1664 374 1730 certam
392 1651 446 1726 eis
470 1649 690 1725 auxiliorum
718 1672 823 1747 spem
850 1653 988 1728 tacere.
1029 1652 1172 1745 Quibus
1201 1654 1256 1729 illi
1285 1653 1361 1729 ani·

228 1779 334 1870 mati,
374 1786 452 1851 tres
489 1775 633 1851 omuino
662 1760 913 1851 hebdomadas
951 1777 1067 1852 variis
1101 1777 1278 1872 victoriis,
1317 1801 1362 1854 ac

225 1905 614 2004 congratulationibus
642 1913 873 1998 transegere,
893 1906 1016 2002 ignari
1036 1906 1172 1998 miseri,
1185 1913 1361 2003 quantam

225 2036 300 2132 ipsi
311 2031 458 2108 cladem
467 2029 809 2128 iamiamaocepturi
818 2030 1119 2106 lorentssarbari
1128 2030 1251 2127 igitur,
1264 2032 1361 2108 obsi-

176 2205 181 2212 ·
229 2161 342 2234 dione
362 2158 434 2232 iam
453 2155 699 2232 Hatvauiensi
710 2155 844 2241 soluta,
854 2155 1106 2253 militibusque
1117 2156 1264 2232 domum
1275 2156 1361 2232 inde

229 2285 412 2377 reversis,
431 2283 552 2371 veriti,
571 2305 617 2356 ne
638 2282 670 2357 si
688 2282 881 2380 principiis
899 2306 973 2358 non
993 2284 1195 2365 obstarent,
1214 2284 1360 2359 maiori-

227 2415 299 2488 bus
319 2433 448 2487 eorum
467 2409 703 2486 successibus
732 2409 909 2485 resistere
937 2432 1169 2507 nequaquam
1190 2405 1362 2510 possent,

226 2563 351 2614 novas
379 2537 543 2612 vicissim
572 2537 720 2634 copias,
758 2560 868 2634 quarn
892 2538 1071 2613 maximas
1090 2547 1257 2634 possunt.
1276 2560 1361 2615 con-

227 2665 397 2739 trahunt.
420 2660 681 2739 Convenerant
700 2662 796 2737 enirn
807 2663 966 2738 Barbari
985 2686 1056 2737 non
1068 2665 1188 2740 solum
1208 2688 1256 2740 ex
1275 2664 1364 2739 vici·

229 2790 413 2882 rioribus,
433 2788 620 2863 sedetiam
631 2788 890 2864 remotioribus
905 2788 1169 2882 Praefecturis,
1180 2813 1360 2888 quaecun-

232 2937 307 3010 que
326 2913 484 2990 alicuius
505 2913 677 2990 momenti
697 2935 783 2988 csse
804 2912 1026 2989 viderentur.
1046 2913 1190 3006 Quare
1208 2939 1277 3014 per
1289 2914 1365 2990 Vn·

230 3061 351 3135 garos
372 3039 550 3135 quosdam
570 3039 722 3133 aurigas
742 3038 903 3134 cognita,
932 3063 1089 3136 coepere
1110 3040 1234 3116 statim
1253 3039 1366 3116 Beon-

228 3163 480 3238 kerekienses
516 3164 766 3257 consternari3
813 3162 880 3238 sed
910 3172 1067 3261 urgente
1113 3188 1238 3240 eorum
1275 3165 1365 3259 fato,
1451 3257 1453 3262 ,

228 3299 432 3388 expectare
450 3289 754 3383 taudemhostes,
766 3297 803 3364 et
821 3295 939 3365 marte
967 3313 1045 3365 rem
1064 3267 1276 3366 discerncre
1296 3300 1369 3367 sta·

226 3423 349 3494 tuunt.
370 3413 766 3513 Appropinquantibus
785 3414 898 3511 igitur
909 3416 1102 3509 Barbarie,
1121 3417 1271 3492 obviam
1291 3425 1364 3493 sta-

227 3544 297 3619 tim
317 3541 480 3618 excelsis
499 3540 632 3616 animis
650 3520 857 3638 progressi,
885 3540 940 3616 ita
964 3543 1081 3618 aciem
1100 3543 1364 3626 instruxerunt,

232 3679 273 3745 ut
321 3669 467 3767 primas
503 3667 650 3762 Vngari
696 3666 923 3760 obtinerent,
969 3668 1008 3742 in
1052 3676 1241 3766 postrema
1288 3670 1368 3744 acic

232 3790 945 3888 Rosciani,Valachiquesubsisterent.
964 3793 1084 3868 Erant
1094 3795 1300 3870 Turcarum
1314 3791 1366 3868 30

227 3920 384 3996 circiter
404 3917 530 4010 millia,
549 3940 629 3992 curn
650 3914 856 3992 Christiani
874 3927 1031 4015 quatuor
1055 3919 1220 4009 millium,
1240 3927 1277 3994 et
1295 3929 1367 3994 tre-

227 4060 424 4121 centorum
443 4065 632 4118 numerum
654 4064 725 4117 non
756 4044 1003 4140 excederent3
1020 4045 1175 4142 proinde
1206 4068 1284 4120 oum
1304 4044 1369 4118 im-

225 4194 300 4270 par
330 4168 477 4243 omniuo
498 4167 689 4244 conflictus
709 4169 907 4260 videretur,
941 4194 987 4244 nc
1017 4194 1039 4243 a
1058 4176 1163 4244 tanta
1181 4169 1366 4246 hominum

225 4292 464 4372 multitudine
500 4292 696 4391 pauciores
740 4293 1110 4386 circumvenirentur,
1159 4295 1277 4370 carris
1323 4316 1366 4370 sc

226 4418 363 4510 nostri,
383 4441 428 4492 ac
446 4419 625 4515 plaustris
646 4440 745 4503 more
753 4417 929 4517 Scythico
940 4419 1178 4508 circumdant,
1207 4442 1365 4516 seseque

223 4552 358 4620 mutuo
377 4542 628 4633 cohortantur,
647 4551 687 4617 ut
706 4544 814 4618 simul
824 4565 868 4617 ao
877 4550 1059 4618 tormenta
1070 4543 1219 4641 explodi
1234 4543 1360 4619 aBar-

226 4670 338 4746 baris
358 4667 538 4761 viderent,
558 4669 607 4742 ad
626 4669 819 4744 evitandos
836 4669 932 4744 ictus
951 4669 1050 4744 humi
1068 4669 1260 4746 confestim
1277 4693 1361 4770 pro.
