3625 5534
471 533 521 587 ns
538 533 618 586 uss.
637 532 722 585 ruo.
743 532 824 585 oruc.
844 533 879 585 x.
898 534 932 584 n.
952 533 988 586 n.
1238 507 1290 588 35

205 712 252 787 bic
266 709 326 786 sibi
341 707 488 784 modum
516 706 723 806 ponendum
741 715 864 800 ratus,
893 708 1004 785 alium
1034 707 1145 784 etiam
1172 731 1219 783 ex
1237 709 1289 784 iu·

204 837 352 927 rioribus,
365 856 497 939 recens
506 835 545 908 in
565 834 729 909 ordinem
749 830 994 910 Ohausiorum
1009 841 1290 931 eooptatumno-

205 965 280 1040 mine
296 963 388 1037 tlim
408 985 456 1037 ex
476 962 630 1058 Vngaro
651 963 814 1036 'Paruum
831 960 979 1056 iactum,
999 984 1079 1038 eum
1098 960 1152 1036 eis
1171 960 1293 1054 mittit,

206 1113 249 1186 eo,
262 1098 298 1166 ut
312 1089 410 1166 credi
429 1113 500 1187 par
518 1088 599 1180 fnit,
620 1086 836 1180 consiliant
854 1087 1057 1182 adiversis,
1077 1087 1293 1187 quisTran·

206 1217 344 1316 sylvanis
363 1238 497 1292 sensus
516 1223 627 1309 esset,
648 1213 746 1310 quod
764 1206 868 1308 genti
882 1215 1082 1308 consilium,
1100 1224 1294 1315 postquam

207 1342 297 1418 adse
322 1341 539 1432 rediissent,
572 1333 737 1415 exactius
756 1340 852 1416 scire
870 1349 1009 1440 posset.
1040 1340 1137 1434 Quia
1164 1350 1296 1435 autem,

206 1467 283 1564 quod
299 1467 459 1564 Legatos
487 1465 583 1541 iusto
612 1465 738 1540 durius
757 1467 986 1565 excepisset,
1015 1470 1114 1567 qnod
1132 1469 1295 1565 gratula-

206 1595 316 1670 tionem
332 1616 457 1670 eorum
475 1593 529 1667 ita
544 1590 735 1690 despectui
753 1592 958 1687 habuisset,
977 1595 1297 1694 Mahometumqne

207 1743 270 1794 cum
284 1715 458 1794 eiusmodi
475 1715 660 1790 mandatis
678 1716 716 1790 in
736 1718 1051 1817 Transylvaniam
1071 1721 1295 1816 ablegasset,

208 1844 373 1942 exquibus
401 1867 538 1940 magna
565 1842 692 1940 aliqua
714 1843 917 1919 animorum
944 1845 1177 1923 commutatio
1207 1845 1297 1921 oriri

207 1979 336 2069 posset:
362 1969 446 2045 ideo
465 1967 698 2044 Ravazdium
717 1968 840 2044 mitius
858 1968 932 2044 iam
951 1961 1152 2066 allocutus,
1172 1973 1296 2047 huma·
1439 2025 1442 2033 -

208 2095 283 2171 niter
300 2121 322 2172 a
338 2119 379 2171 se
399 2095 545 2185 dimisit,
563 2093 602 2168 id
621 2101 760 2169 tantum
780 2096 828 2170 ab
848 2117 891 2170 eo
911 2096 1295 2188 contendens,Princi·

209 2246 273 2320 pem
288 2222 331 2298 ad
347 2224 442 2299 bene
459 2221 670 2297 merendum
690 2220 735 2295 de
751 2217 917 2296 Caesare
936 2223 1060 2299 verbis
1079 2246 1124 2298 ac
1142 2247 1183 2299 re
1201 2224 1295 2324 ipsa,

210 2349 410 2426 accenderet
418 2347 494 2425 Sed
504 2355 542 2422 et
554 2344 704 2424 Oniaier
713 2349 828 2445 Bego,
838 2373 883 2424 ac
892 2349 959 2425 alii
968 2347 1132 2426 Obansio
1144 2375 1189 2427 ea
1197 2374 1297 2427 man·

114 2474 115 2478 '
210 2475 279 2550 data
294 2476 407 2568 dedit,
426 2475 560 2574 quibus
581 2476 678 2572 quod
697 2475 854 2552 maxime
873 2476 1006 2569 vellet,
1030 2477 1176 2553 facilius
1195 2500 1298 2553 asse·

210 2611 366 2698 queretur.
394 2602 447 2678 Hi
466 2624 594 2679 omnes
613 2600 742 2676 eodem
759 2607 925 2700 tempore
944 2602 1081 2679 Albam
1099 2603 1232 2678 Iuliam
1251 2601 1298 2680 ad

209 2724 389 2828 Principem
409 2728 681 2828 pervenientes,
702 2728 840 2803 diversi
859 2728 1010 2805 diversa
1029 2731 1201 2806 retulere.
1220 2730 1298 2838 Ita·

209 2853 338 2930 razdos
360 2854 540 2955 imprimis
566 2854 657 2929 nihil
683 2854 721 2928 in
739 2852 878 2930 Sinano
906 2856 1041 2931 sinceri
1060 2843 1165 2950 esse,
1189 2857 1299 2954 idque

209 2987 327 3056 tantum
342 3005 424 3058 eum
451 2988 641 3081 spectare,
668 2989 708 3056 ut
725 2981 759 3056 si
777 2982 916 3079 possit,
945 2981 1154 3082 Principem
1181 2983 1229 3056 ad
1257 3004 1298 3057 se

210 3104 349 3201 efflent,
363 3108 422 3184 sin
440 3109 578 3200 minus,
601 3108 640 3180 in
658 3106 786 3182 hostes
804 3108 981 3203 concitet,
999 3109 1225 3208 provinciam
1243 3131 1298 3182 ar·

211 3231 267 3308 mis
284 3257 427 3311 uacuam
447 3234 587 3327 reddat,
607 3233 764 3327 tandem,
784 3234 817 3310 si
836 3243 961 3311 cetera
975 3236 1009 3310 ei
1026 3258 1095 3335 pro
1114 3244 1200 3311 voto
1219 3235 1299 3310 suc-¹

211 3359 338 3456 cedant,
355 3383 510 3461 opresso
531 3384 610 3435 cum
630 3360 848 3459 proceribus
866 3360 1051 3459 Principe,
1072 3363 1300 3461 Transylva·

209 3484 291 3561 niam
314 3489 349 3563 in
375 3473 589 3588 provinciae
615 3487 770 3562 formam
798 3487 954 3583 redigat.
988 3484 1139 3563 Oziater
1175 3489 1302 3584 Begns

209 3608 259 3685 his
274 3614 451 3691 contraria
481 3615 685 3689 asserebat.
713 3611 886 3688 Sinanum
913 3614 1061 3690 iamiam
1092 3614 1302 3690 muneribus

211 3740 412 3834 pacatiorem
430 3740 620 3831 redditum,
641 3741 762 3815 omnia
780 3741 854 3815 sibi
871 3741 916 3816 de
931 3739 1104 3839 Principe
1123 3740 1301 3839 polliceri,

212 3861 303 3960 idque
320 3874 455 3942 tautum
475 3864 624 3962 requiri,
642 3873 682 3940 ut
692 3865 872 3964 Princeps
887 3866 1044 3942 officium
1056 3888 1159 3941 sunm
1177 3865 1302 3956 faeiat,

213 3991 428 4090 omnibusque
455 3989 573 4067 modis
601 3989 646 4065 de
674 3988 838 4068 Caesare
865 3994 959 4069 bene
986 3991 1118 4068 mereri
1146 3990 1302 4085 studeat,
1333 4047 1338 4058 ,

213 4137 249 4188 ae
264 4116 420 4216 inprimis
439 4115 614 4193 Sinanum
634 4117 732 4191 omni
750 4117 870 4194 studio
899 4119 971 4194 sibi
999 4119 1203 4193 devinctum
1222 4115 1303 4192 red-

114 4298 115 4319 ,
213 4238 275 4318 tat
291 4242 468 4341 Alibegus
478 4241 648 4317 similiter
663 4265 825 4319 consona
834 4243 961 4318 verbis
970 4242 1152 4318 Ravazdii
1171 4241 1304 4334 dicere,

213 4360 365 4446 Sinanum
382 4369 522 4469 perfide
551 4370 673 4446 omnia
701 4393 836 4466 agere,
856 4366 1006 4445 Oziaier
1024 4369 1166 4466 Regum
1183 4376 1303 4444 autem

213 4489 406 4592 decipiendo
425 4495 652 4594 Principem,
677 4503 869 4592 quaestum
886 4495 1023 4586 iacere,
1042 4493 1305 4570 Mahometum·

215 4638 272 4711 que
296 4623 412 4698 omnia
437 4646 485 4697 ex
511 4622 660 4716 ingenio
688 4645 755 4698 sno
785 4624 1011 4720 depromere.
1045 4621 1306 4698 Verumtamen

1107 4869 1147 4934 3ss
