3625 5534
421 584 426 596 ,
477 489 557 565 314
864 512 912 562 ro.
931 511 1030 562 nucu
1048 511 1195 562 riauovu

474 689 658 788 peditibus
677 696 826 763 strenue
845 712 914 786 per
932 687 1151 785 paludinosa
1172 709 1314 786 quoque
1333 693 1414 765 loca
1433 715 1586 789 progre-

476 819 594 895 dientc
606 817 652 892 ad
662 826 818 893 montem
828 815 1072 912 Raczenberg
1082 817 1311 915 appulerunt.
1323 819 1380 891 lbi
1391 841 1586 892 rursusor·

475 947 619 1021 dinibus
630 945 796 1019 omnibus
807 943 1211 1042 diligenterdispositis‚
1230 953 1389 1043 atqueut
1401 948 1586 1043 tamequi·

474 1079 541 1160 tes,
562 1094 669 1168 quam
678 1068 821 1168 pedites
830 1070 947 1143 locum
958 1093 1062 1145 suum
1075 1078 1244 1145 tueantur
1253 1071 1367 1145 amice
1378 1071 1585 1168 admonitis,

474 1207 610 1295 quanta
618 1203 772 1294 possunt
788 1195 1047 1287 taciturnitate,
1068 1218 1176 1292 quum
1186 1196 1330 1280 circiter
1345 1205 1487 1274 centum
1502 1223 1586 1298 pas-

474 1318 536 1402 sus
563 1325 664 1423 ponti
691 1323 1056 1421 appropinquassent,
1085 1324 1298 1398 consistunt.
1326 1324 1424 1398 Ecce
1453 1333 1585 1417 autem,

474 1475 580 1548 quum
589 1458 702 1526 totam
713 1473 794 1526 eam
808 1457 950 1525 noctem
969 1451 1054 1524 luna
1073 1450 1241 1525 obscuris
1259 1451 1416 1526 nubibus
1435 1453 1584 1527 obtecta

471 1578 650 1668 latuisset,
670 1575 987 1651 subitotamolare
1000 1575 1156 1668 emicuit,
1175 1583 1216 1650 ut
1226 1599 1350 1652 omnes
1360 1577 1409 1651 ad
1421 1601 1529 1653 unum
1548 1579 1585 1652 in

472 1702 774 1802 praesentissima
786 1701 979 1777 formidine
995 1702 1131 1776 luerint
1150 1703 1319 1801 correpti,
1337 1727 1383 1779 ue
1399 1706 1585 1781 excubito—
1676 1689 1682 1702 ⁸

471 1853 532 1906 res
543 1829 692 1904 Tureici
699 1829 865 1904 fraudem
874 1828 1157 1923 subolfacerent,
1175 1853 1243 1903 nec
1260 1836 1333 1904 tam
1353 1829 1509 1905 animosi
1527 1855 1584 1906 eo-

472 1953 1585 2054 natuseruperiorilocoavigilibusdcprehendcrentur.Pro-

468 2083 554 2160 inde
565 2084 757 2159 universos
766 2081 956 2157 confestim
966 2079 1363 2176 Schwarzcnburgicus
1374 2095 1485 2180 atque
1495 2084 1582 2158 Pal-

469 2214 538 2287 lius
566 2211 614 2287 ad
634 2210 732 2310 piam
749 2233 817 2307 pro
845 2209 944 2284 felici
961 2209 1103 2284 itineris
1131 2231 1305 2286 successu
1332 2211 1582 2309 precationem

468 2336 606 2414 hortati
614 2338 727 2412 fuere.
738 2335 845 2427 Quod
855 2360 934 2413 oum
943 2337 1078 2410 factum
1087 2335 1229 2428 luisset,
1241 2337 1361 2414 subito
1369 2337 1583 2436 caligoden·

469 2487 513 2538 sa
530 2464 583 2538 ita
600 2460 1160 2558 lunamcoelumqucnuiversum
1173 2461 1398 2552 conterritae
1416 2465 1581 2538 tenebris

467 2590 628 2682 involuit,
647 2597 688 2664 ut
705 2611 844 2664 omnem
865 2587 963 2662 arcis
983 2587 1194 2664 custodibus
1213 2612 1345 2683 rerum,
1371 2612 1465 2686 quae
1484 2590 1582 2665 inira

468 2720 693 2811 gererentur,
712 2721 946 2811 prospectum
965 2713 1152 2790 adimeret.
1186 2714 1327 2805 Quare
1347 2715 1428 2790 visa
1446 2717 1580 2791 tacitas

467 2841 549 2916 Deo
568 2839 730 2915 universi
748 2839 891 2934 gratias
911 2817 1033 2935 agunt,
1053 2840 1287 2939 tenebrisque
1305 2841 1394 2916 tecti
1417 2843 1579 2940 ponticu-

466 2968 539 3042 lum
558 2966 605 3042 ad
623 2965 872 3041 traiectionom
891 2966 1017 3041 fossae
1036 2967 1109 3042 iam
1128 2975 1237 3043 antea
1247 2977 1496 3067 comparatum
1517 2994 1579 3045 ex-

467 3094 625 3191 pediunt,
655 3115 771 3191 eoque
798 3093 937 3168 fossam
965 3095 1202 3189 transgressi,
1221 3096 1410 3193 petardam
1439 3097 1582 3171 cancel·

465 3219 513 3294 lis
531 3226 720 3319 portarum
738 3221 938 3319 applicant,
958 3221 1311 3318 atqueinflammant.
1332 3225 1392 3298 Ita
1402 3225 1577 3299 cancellis

464 3354 650 3443 portarum
678 3347 852 3439 disiectis,
880 3348 1112 3443 grandiorem
1140 3349 1332 3446 petardam
1358 3358 1489 3448 portae
1517 3351 1580 3424 ad·

464 3479 620 3564 movent,
648 3494 693 3547 ac
718 3472 858 3568 ingenti
887 3497 966 3549 cum
986 3474 1107 3549 sonitu
1125 3474 1337 3572 explodunt.
1367 3475 1448 3567 Quo
1475 3476 1575 3552 lacto

463 3599 580 3698 portis
608 3597 774 3675 omuibus
810 3608 990 3675 momento
1023 3601 1198 3700 temporis
1233 3623 1385 3701 prorsus
1414 3601 1578 3679 disiectis

461 3723 709 3803 Vabacurtius
735 3724 925 3823 irrumpit,
963 3749 1114 3825 eumque
1142 3736 1288 3803 ceterae
1317 3728 1486 3804 cobortes
1515 3753 1571 3805 or·

465 3853 548 3927 dine
576 3852 670 3929 citra
688 3875 828 3928 omnem
847 3851 1189 3949 tergiversationem
1208 3862 1316 3952 atquc
1335 3877 1474 3930 moram
1493 3857 1576 3930 sub-

463 3986 672 4077 sequuntur.
690 3979 850 4056 Barbari
868 3979 984 4077 quiin
1003 3980 1167 4054 excubiis
1178 3987 1292 4064 erant,
1312 3982 1425 4057 tacita
1435 3991 1574 4057 nostro-

463 4128 541 4178 rum
560 4127 721 4197 susurra,
739 4106 903 4202 tantique
921 4106 1063 4180 numeri
1090 4107 1273 4182 bominum
1300 4108 1573 4184 mussitationes

462 4231 734 4324 inaudivcrant‚
771 4233 967 4330 praemissi
1007 4231 1100 4306 enim
1134 4241 1239 4308 eraut
1275 4232 1388 4331 aliqui
1424 4235 1574 4332 linguae

463 4357 643 4433 'l'urcioae
661 4356 780 4454 periti,
796 4357 857 4454 qni
877 4367 1114 4434 commeatum
1132 4361 1247 4434 affore
1266 4359 1441 4452 dicerent,
1460 4383 1573 4458 seque

463 4483 569 4558 simul
587 4505 760 4581 sponsam
791 4483 858 4558 filii
878 4483 1013 4561 Aronis
1034 4483 1139 4581 Agoe
1160 4486 1342 4560 Budensis
1367 4508 1491 4562 secum
1510 4487 1572 4561 ab·

463 4611 633 4684 ducturos
661 4619 991 4687 commemorarent.
1030 4609 1104 4686 Sed
1133 4612 1327 4688 velocitate
1363 4621 1571 4687 nostrornm

462 4735 653 4834 praeventi
671 4759 747 4810 rem
766 4737 901 4812 ceteris
921 4735 1130 4832 significare
1154 4759 1227 4810 non
1254 4744 1456 4835 potuerant.
1478 4738 1571 4813 Nam
