<?xml version="1.0" encoding="UTF-8"?>
<!DOCTYPE html PUBLIC "-//W3C//DTD XHTML 1.0 Transitional//EN"
    "http://www.w3.org/TR/xhtml1/DTD/xhtml1-transitional.dtd">
<html xmlns="http://www.w3.org/1999/xhtml" xml:lang="en" lang="en">
 <head>
  <title>
</title>
<meta http-equiv="Content-Type" content="text/html;charset=utf-8" />
  <meta name='ocr-system' content='tesseract 3.04.00' />
  <meta name='ocr-capabilities' content='ocr_page ocr_carea ocr_par ocr_line ocrx_word'/>
</head>
<body>
  <div class='ocr_page' id='page_1' title='image "./magyarhistorija00decsgoog_0153.png"; bbox 0 0 3625 5534; ppageno 0'>
   <div class='ocr_carea' id='block_1_1' title="bbox 496 509 1328 588">
    <p class='ocr_par' dir='ltr' id='par_1_1' title="bbox 496 509 1328 588">
     <span class='ocr_line' id='line_1_1' title="bbox 496 509 1328 588; baseline -0.001 -1"><span class='ocrx_word' id='word_1_1' title='bbox 496 537 545 587; x_wconf 85' lang='lat' dir='ltr'>nu</span> <span class='ocrx_word' id='word_1_2' title='bbox 564 536 646 588; x_wconf 83' lang='lat' dir='ltr'>nun.</span> <span class='ocrx_word' id='word_1_3' title='bbox 664 533 749 586; x_wconf 78' lang='lat' dir='ltr'>vro.</span> <span class='ocrx_word' id='word_1_4' title='bbox 769 533 853 586; x_wconf 84' lang='lat' dir='ltr'>nuc.</span> <span class='ocrx_word' id='word_1_5' title='bbox 874 533 909 586; x_wconf 84' lang='lat' dir='ltr'>x.</span> <span class='ocrx_word' id='word_1_6' title='bbox 929 532 963 584; x_wconf 84' lang='lat' dir='ltr'>n.</span> <span class='ocrx_word' id='word_1_7' title='bbox 984 530 1032 584; x_wconf 87' lang='lat' dir='ltr'>rv.</span> <span class='ocrx_word' id='word_1_8' title='bbox 1277 509 1328 588; x_wconf 78' lang='grc'>66</span> 
     </span>
    </p>
   </div>
   <div class='ocr_carea' id='block_1_2' title="bbox 443 1343 1090 1446">
    <p class='ocr_par' dir='ltr' id='par_1_2' title="bbox 443 1343 1090 1446">
     <span class='ocr_line' id='line_1_2' title="bbox 443 1343 1090 1446; baseline -0.005 -5"><span class='ocrx_word' id='word_1_9' title='bbox 443 1346 675 1442; x_wconf 85' lang='lat' dir='ltr'>LlBER</span> <span class='ocrx_word' id='word_1_10' title='bbox 714 1343 1090 1446; x_wconf 79' lang='lat' dir='ltr'><strong>QVARTVS.</strong></span> 
     </span>
    </p>
   </div>
   <div class='ocr_carea' id='block_1_3' title="bbox 553 1627 978 1716">
    <p class='ocr_par' dir='ltr' id='par_1_3' title="bbox 553 1627 978 1716">
     <span class='ocr_line' id='line_1_3' title="bbox 553 1627 978 1716; baseline -0.005 -12"><span class='ocrx_word' id='word_1_11' title='bbox 553 1627 730 1716; x_wconf 80' lang='lat' dir='ltr'><strong>GAPVT</strong></span> <span class='ocrx_word' id='word_1_12' title='bbox 759 1627 978 1704; x_wconf 88' lang='lat' dir='ltr'><strong>PRIMVM.</strong></span> 
     </span>
    </p>
   </div>
   <div class='ocr_carea' id='block_1_4' title="bbox 197 1806 1328 2008">
    <p class='ocr_par' dir='ltr' id='par_1_4' title="bbox 197 1806 1328 2008">
     <span class='ocr_line' id='line_1_4' title="bbox 197 1806 1328 1907; baseline -0.005 -20"><span class='ocrx_word' id='word_1_13' title='bbox 197 1814 255 1886; x_wconf 87' lang='lat' dir='ltr'>Dc</span> <span class='ocrx_word' id='word_1_14' title='bbox 289 1811 470 1886; x_wconf 74' lang='lat' dir='ltr'>divisione</span> <span class='ocrx_word' id='word_1_15' title='bbox 497 1813 697 1906; x_wconf 77' lang='lat' dir='ltr'>copiarum,</span> <span class='ocrx_word' id='word_1_16' title='bbox 726 1823 757 1882; x_wconf 85' lang='lat' dir='ltr'>et</span> <span class='ocrx_word' id='word_1_17' title='bbox 785 1807 970 1904; x_wconf 80' lang='lat' dir='ltr'>colloquio</span> <span class='ocrx_word' id='word_1_18' title='bbox 990 1807 1120 1907; x_wconf 76' lang='lat' dir='ltr'>Lepati</span> <span class='ocrx_word' id='word_1_19' title='bbox 1152 1806 1328 1906; x_wconf 75' lang='lat' dir='ltr'>Transyl·</span> 
     </span>
     <span class='ocr_line' id='line_1_5' title="bbox 567 1928 968 2008; baseline -0.01 0"><span class='ocrx_word' id='word_1_20' title='bbox 567 1936 690 2008; x_wconf 81' lang='lat' dir='ltr'>conici</span> <span class='ocrx_word' id='word_1_21' title='bbox 709 1958 792 2006; x_wconf 73' lang='lat' dir='ltr'>eccm</span> <span class='ocrx_word' id='word_1_22' title='bbox 816 1928 968 2008; x_wconf 79' lang='lat' dir='ltr'>Sicano.</span> 
     </span>
    </p>
   </div>
   <div class='ocr_carea' id='block_1_5' title="bbox 192 2093 1328 4703">
    <p class='ocr_par' dir='ltr' id='par_1_5' title="bbox 192 2093 1328 4703">
     <span class='ocr_line' id='line_1_6' title="bbox 305 2093 1327 2197; baseline -0.003 -24"><span class='ocrx_word' id='word_1_23' title='bbox 305 2097 484 2197; x_wconf 87' lang='lat' dir='ltr'>Bipartiri</span> <span class='ocrx_word' id='word_1_24' title='bbox 511 2095 707 2170; x_wconf 88' lang='lat' dir='ltr'>universas</span> <span class='ocrx_word' id='word_1_25' title='bbox 736 2094 864 2191; x_wconf 88' lang='lat' dir='ltr'>copias</span> <span class='ocrx_word' id='word_1_26' title='bbox 892 2093 1048 2192; x_wconf 78' lang='lat' dir='ltr'>placuit,</span> <span class='ocrx_word' id='word_1_27' title='bbox 1077 2098 1198 2172; x_wconf 86' lang='lat' dir='ltr'>altera</span> <span class='ocrx_word' id='word_1_28' title='bbox 1225 2119 1327 2196; x_wconf 88' lang='lat' dir='ltr'>pars,</span> 
     </span>
     <span class='ocr_line' id='line_1_7' title="bbox 198 2218 1327 2322; baseline -0.004 -22"><span class='ocrx_word' id='word_1_29' title='bbox 198 2248 319 2322; x_wconf 88' lang='lat' dir='ltr'>eaque</span> <span class='ocrx_word' id='word_1_30' title='bbox 338 2221 471 2322; x_wconf 89' lang='lat' dir='ltr'>potior,</span> <span class='ocrx_word' id='word_1_31' title='bbox 490 2221 600 2296; x_wconf 88' lang='lat' dir='ltr'>ductu</span> <span class='ocrx_word' id='word_1_32' title='bbox 619 2218 800 2318; x_wconf 85' lang='lat' dir='ltr'>Stephani</span> <span class='ocrx_word' id='word_1_33' title='bbox 810 2218 991 2294; x_wconf 90' lang='lat' dir='ltr'>Bathorei</span> <span class='ocrx_word' id='word_1_34' title='bbox 1002 2221 1229 2312; x_wconf 84' lang='lat' dir='ltr'>Varadinum</span> <span class='ocrx_word' id='word_1_35' title='bbox 1242 2223 1327 2297; x_wconf 88' lang='lat' dir='ltr'>mis-</span> 
     </span>
     <span class='ocr_line' id='line_1_8' title="bbox 198 2346 1328 2446; baseline -0.002 -22"><span class='ocrx_word' id='word_1_36' title='bbox 198 2373 252 2440; x_wconf 91' lang='lat' dir='ltr'>sa,</span> <span class='ocrx_word' id='word_1_37' title='bbox 270 2359 316 2426; x_wconf 90' lang='lat' dir='ltr'>nt</span> <span class='ocrx_word' id='word_1_38' title='bbox 335 2350 388 2424; x_wconf 89' lang='lat' dir='ltr'>ibi</span> <span class='ocrx_word' id='word_1_39' title='bbox 406 2356 556 2446; x_wconf 88' lang='lat' dir='ltr'>captata</span> <span class='ocrx_word' id='word_1_40' title='bbox 573 2368 622 2421; x_wconf 84' lang='lat' dir='ltr'>ex</span> <span class='ocrx_word' id='word_1_41' title='bbox 639 2369 691 2431; x_wconf 86' lang='lat' dir='ltr'>re,</span> <span class='ocrx_word' id='word_1_42' title='bbox 725 2353 763 2419; x_wconf 90' lang='lat' dir='ltr'>et</span> <span class='ocrx_word' id='word_1_43' title='bbox 786 2353 952 2442; x_wconf 90' lang='lat' dir='ltr'>tempore</span> <span class='ocrx_word' id='word_1_44' title='bbox 972 2346 1179 2441; x_wconf 76' lang='lat' dir='ltr'>occasione,</span> <span class='ocrx_word' id='word_1_45' title='bbox 1219 2347 1328 2422; x_wconf 90' lang='lat' dir='ltr'>simul</span> 
     </span>
     <span class='ocr_line' id='line_1_9' title="bbox 198 2468 1326 2570; baseline -0.004 -20"><span class='ocrx_word' id='word_1_46' title='bbox 198 2499 279 2552; x_wconf 95' lang='lat' dir='ltr'>cum</span> <span class='ocrx_word' id='word_1_47' title='bbox 299 2475 425 2550; x_wconf 87' lang='lat' dir='ltr'>Bassa</span> <span class='ocrx_word' id='word_1_48' title='bbox 444 2471 757 2564; x_wconf 86' lang='lat' dir='ltr'>Temeavariensi,</span> <span class='ocrx_word' id='word_1_49' title='bbox 778 2468 846 2546; x_wconf 88' lang='lat' dir='ltr'>sed</span> <span class='ocrx_word' id='word_1_50' title='bbox 865 2470 952 2562; x_wconf 88' lang='lat' dir='ltr'>alio,</span> <span class='ocrx_word' id='word_1_51' title='bbox 973 2492 1081 2567; x_wconf 90' lang='lat' dir='ltr'>quam</span> <span class='ocrx_word' id='word_1_52' title='bbox 1109 2471 1143 2546; x_wconf 90' lang='lat' dir='ltr'>is</span> <span class='ocrx_word' id='word_1_53' title='bbox 1166 2479 1326 2570; x_wconf 85' lang='lat' dir='ltr'>putaret,</span> 
     </span>
     <span class='ocr_line' id='line_1_10' title="bbox 198 2591 1327 2692; baseline -0.001 -19"><span class='ocrx_word' id='word_1_54' title='bbox 198 2600 321 2674; x_wconf 86' lang='lat' dir='ltr'>animo</span> <span class='ocrx_word' id='word_1_55' title='bbox 353 2621 431 2672; x_wconf 89' lang='lat' dir='ltr'>rem</span> <span class='ocrx_word' id='word_1_56' title='bbox 458 2602 616 2692; x_wconf 82' lang='lat' dir='ltr'><strong>gereret.</strong></span> <span class='ocrx_word' id='word_1_57' title='bbox 653 2591 745 2668; x_wconf 78' lang='lat' dir='ltr'>Cum</span> <span class='ocrx_word' id='word_1_58' title='bbox 774 2595 895 2668; x_wconf 85' lang='lat' dir='ltr'>altera</span> <span class='ocrx_word' id='word_1_59' title='bbox 914 2592 1043 2668; x_wconf 89' lang='lat' dir='ltr'>eodem</span> <span class='ocrx_word' id='word_1_60' title='bbox 1062 2595 1100 2669; x_wconf 95' lang='lat' dir='ltr'>in</span> <span class='ocrx_word' id='word_1_61' title='bbox 1120 2595 1202 2671; x_wconf 91' lang='lat' dir='ltr'>loco</span> <span class='ocrx_word' id='word_1_62' title='bbox 1221 2595 1327 2672; x_wconf 49' lang='lat' dir='ltr'>Prin*</span> 
     </span>
     <span class='ocr_line' id='line_1_11' title="bbox 196 2717 1326 2824; baseline -0.004 -23"><span class='ocrx_word' id='word_1_63' title='bbox 196 2747 298 2824; x_wconf 88' lang='lat' dir='ltr'>ceps,</span> <span class='ocrx_word' id='word_1_64' title='bbox 338 2723 445 2821; x_wconf 87' lang='lat' dir='ltr'>quasi</span> <span class='ocrx_word' id='word_1_65' title='bbox 473 2721 670 2797; x_wconf 91' lang='lat' dir='ltr'>conatibus</span> <span class='ocrx_word' id='word_1_66' title='bbox 698 2719 869 2811; x_wconf 88' lang='lat' dir='ltr'>hostium,</span> <span class='ocrx_word' id='word_1_67' title='bbox 908 2719 970 2816; x_wconf 90' lang='lat' dir='ltr'>qui</span> <span class='ocrx_word' id='word_1_68' title='bbox 999 2720 1075 2796; x_wconf 87' lang='lat' dir='ltr'>alia</span> <span class='ocrx_word' id='word_1_69' title='bbox 1094 2717 1326 2821; x_wconf 78' lang='lat' dir='ltr'>expertein</span> 
     </span>
     <span class='ocr_line' id='line_1_12' title="bbox 195 2845 1324 2950; baseline -0.006 -24"><span class='ocrx_word' id='word_1_70' title='bbox 195 2849 424 2950; x_wconf 81' lang='lat' dir='ltr'>provinciam</span> <span class='ocrx_word' id='word_1_71' title='bbox 453 2862 580 2923; x_wconf 88' lang='lat' dir='ltr'>esseut</span> <span class='ocrx_word' id='word_1_72' title='bbox 599 2845 807 2937; x_wconf 86' lang='lat' dir='ltr'>involaturi,</span> <span class='ocrx_word' id='word_1_73' title='bbox 829 2845 976 2921; x_wconf 80' lang='lat' dir='ltr'>obuiam</span> <span class='ocrx_word' id='word_1_74' title='bbox 1005 2847 1123 2923; x_wconf 89' lang='lat' dir='ltr'>iturus</span> <span class='ocrx_word' id='word_1_75' title='bbox 1143 2847 1324 2924; x_wconf 75' lang='lat' dir='ltr'><strong>subsistit.</strong></span> 
     </span>
     <span class='ocr_line' id='line_1_13' title="bbox 196 2967 1326 3071; baseline -0.004 -19"><span class='ocrx_word' id='word_1_76' title='bbox 196 2975 292 3052; x_wconf 79' lang='lat' dir='ltr'>Cum</span> <span class='ocrx_word' id='word_1_77' title='bbox 310 2977 405 3050; x_wconf 88' lang='lat' dir='ltr'>haec</span> <span class='ocrx_word' id='word_1_78' title='bbox 422 2975 477 3049; x_wconf 90' lang='lat' dir='ltr'>ita</span> <span class='ocrx_word' id='word_1_79' title='bbox 493 2981 704 3071; x_wconf 82' lang='lat' dir='ltr'><strong>agerentur,</strong></span> <span class='ocrx_word' id='word_1_80' title='bbox 730 2971 877 3046; x_wconf 88' lang='lat' dir='ltr'>interea</span> <span class='ocrx_word' id='word_1_81' title='bbox 895 2967 1114 3070; x_wconf 87' lang='lat' dir='ltr'>Sennyeius‚</span> <span class='ocrx_word' id='word_1_82' title='bbox 1134 2998 1158 3048; x_wconf 89' lang='lat' dir='ltr'>a</span> <span class='ocrx_word' id='word_1_83' title='bbox 1186 2973 1326 3050; x_wconf 85' lang='lat' dir='ltr'>Sinnuo</span> 
     </span>
     <span class='ocr_line' id='line_1_14' title="bbox 196 3095 1326 3198; baseline -0.003 -21"><span class='ocrx_word' id='word_1_84' title='bbox 196 3102 358 3192; x_wconf 82' lang='lat' dir='ltr'>rediens,</span> <span class='ocrx_word' id='word_1_85' title='bbox 378 3121 473 3198; x_wconf 87' lang='lat' dir='ltr'>quae</span> <span class='ocrx_word' id='word_1_86' title='bbox 493 3100 542 3175; x_wconf 85' lang='lat' dir='ltr'>ab</span> <span class='ocrx_word' id='word_1_87' title='bbox 561 3121 605 3173; x_wconf 91' lang='lat' dir='ltr'>eo</span> <span class='ocrx_word' id='word_1_88' title='bbox 624 3098 824 3196; x_wconf 84' lang='lat' dir='ltr'>acceperit,</span> <span class='ocrx_word' id='word_1_89' title='bbox 862 3095 990 3174; x_wconf 87' lang='lat' dir='ltr'><strong>ordine</strong></span> <span class='ocrx_word' id='word_1_90' title='bbox 1018 3099 1141 3174; x_wconf 88' lang='lat' dir='ltr'>omnia</span> <span class='ocrx_word' id='word_1_91' title='bbox 1170 3123 1326 3176; x_wconf 90' lang='lat' dir='ltr'>comme-</span> 
     </span>
     <span class='ocr_line' id='line_1_15' title="bbox 196 3223 1326 3320; baseline -0.003 -17"><span class='ocrx_word' id='word_1_92' title='bbox 196 3227 368 3320; x_wconf 86' lang='lat' dir='ltr'>moravit,</span> <span class='ocrx_word' id='word_1_93' title='bbox 389 3225 437 3301; x_wconf 87' lang='lat' dir='ltr'>ad</span> <span class='ocrx_word' id='word_1_94' title='bbox 456 3223 690 3300; x_wconf 88' lang='lat' dir='ltr'>Mohachium</span> <span class='ocrx_word' id='word_1_95' title='bbox 708 3223 811 3297; x_wconf 94' lang='lat' dir='ltr'>illum</span> <span class='ocrx_word' id='word_1_96' title='bbox 830 3244 873 3298; x_wconf 91' lang='lat' dir='ltr'>se</span> <span class='ocrx_word' id='word_1_97' title='bbox 903 3225 1101 3320; x_wconf 88' lang='lat' dir='ltr'>reperisse,</span> <span class='ocrx_word' id='word_1_98' title='bbox 1135 3247 1217 3300; x_wconf 87' lang='lat' dir='ltr'>curn</span> <span class='ocrx_word' id='word_1_99' title='bbox 1241 3226 1326 3302; x_wconf 89' lang='lat' dir='ltr'>Bel·</span> 
     </span>
     <span class='ocr_line' id='line_1_16' title="bbox 194 3347 1326 3449; baseline 0 -21"><span class='ocrx_word' id='word_1_100' title='bbox 194 3353 339 3431; x_wconf 89' lang='lat' dir='ltr'>lerbeio</span> <span class='ocrx_word' id='word_1_101' title='bbox 365 3351 443 3427; x_wconf 86' lang='lat' dir='ltr'>filio</span> <span class='ocrx_word' id='word_1_102' title='bbox 471 3350 624 3427; x_wconf 88' lang='lat' dir='ltr'>sociatis</span> <span class='ocrx_word' id='word_1_103' title='bbox 652 3347 777 3440; x_wconf 86' lang='lat' dir='ltr'>armis,</span> <span class='ocrx_word' id='word_1_104' title='bbox 814 3348 853 3422; x_wconf 93' lang='lat' dir='ltr'>in</span> <span class='ocrx_word' id='word_1_105' title='bbox 887 3347 1016 3424; x_wconf 92' lang='lat' dir='ltr'>hostes</span> <span class='ocrx_word' id='word_1_106' title='bbox 1054 3360 1326 3449; x_wconf 82' lang='lat' dir='ltr'><strong>properantem,</strong></span> 
     </span>
     <span class='ocr_line' id='line_1_17' title="bbox 196 3473 1325 3573; baseline -0.003 -18"><span class='ocrx_word' id='word_1_107' title='bbox 196 3479 362 3555; x_wconf 87' lang='lat' dir='ltr'>anditum</span> <span class='ocrx_word' id='word_1_108' title='bbox 391 3478 502 3552; x_wconf 85' lang='lat' dir='ltr'>etiam</span> <span class='ocrx_word' id='word_1_109' title='bbox 530 3478 578 3551; x_wconf 86' lang='lat' dir='ltr'>ab</span> <span class='ocrx_word' id='word_1_110' title='bbox 607 3499 651 3550; x_wconf 90' lang='lat' dir='ltr'>eo</span> <span class='ocrx_word' id='word_1_111' title='bbox 679 3473 846 3573; x_wconf 81' lang='lat' dir='ltr'>placide,</span> <span class='ocrx_word' id='word_1_112' title='bbox 883 3497 1037 3550; x_wconf 89' lang='lat' dir='ltr'>munera</span> <span class='ocrx_word' id='word_1_113' title='bbox 1065 3477 1101 3550; x_wconf 92' lang='lat' dir='ltr'>ei</span> <span class='ocrx_word' id='word_1_114' title='bbox 1135 3479 1325 3570; x_wconf 89' lang='lat' dir='ltr'>obtulisse,</span> 
     </span>
     <span class='ocr_line' id='line_1_18' title="bbox 196 3599 1326 3702; baseline 0.003 -27"><span class='ocrx_word' id='word_1_115' title='bbox 196 3626 324 3679; x_wconf 90' lang='lat' dir='ltr'>verum</span> <span class='ocrx_word' id='word_1_116' title='bbox 343 3603 456 3678; x_wconf 91' lang='lat' dir='ltr'>nullis</span> <span class='ocrx_word' id='word_1_117' title='bbox 475 3603 659 3702; x_wconf 89' lang='lat' dir='ltr'>precibus,</span> <span class='ocrx_word' id='word_1_118' title='bbox 679 3608 717 3676; x_wconf 94' lang='lat' dir='ltr'>et</span> <span class='ocrx_word' id='word_1_119' title='bbox 742 3599 1075 3697; x_wconf 81' lang='lat' dir='ltr'>pollicitationibus</span> <span class='ocrx_word' id='word_1_120' title='bbox 1092 3602 1326 3680; x_wconf 88' lang='lat' dir='ltr'>flectereani·</span> 
     </span>
     <span class='ocr_line' id='line_1_19' title="bbox 194 3726 1325 3828; baseline 0.002 -26"><span class='ocrx_word' id='word_1_121' title='bbox 194 3750 293 3803; x_wconf 91' lang='lat' dir='ltr'>mum</span> <span class='ocrx_word' id='word_1_122' title='bbox 310 3728 488 3828; x_wconf 88' lang='lat' dir='ltr'>potuisse,</span> <span class='ocrx_word' id='word_1_123' title='bbox 507 3726 546 3801; x_wconf 90' lang='lat' dir='ltr'>id</span> <span class='ocrx_word' id='word_1_124' title='bbox 562 3734 704 3802; x_wconf 90' lang='lat' dir='ltr'>tantum</span> <span class='ocrx_word' id='word_1_125' title='bbox 732 3733 923 3823; x_wconf 89' lang='lat' dir='ltr'>perpetua,</span> <span class='ocrx_word' id='word_1_126' title='bbox 956 3728 1213 3826; x_wconf 84' lang='lat' dir='ltr'>constantique</span> <span class='ocrx_word' id='word_1_127' title='bbox 1242 3752 1325 3804; x_wconf 88' lang='lat' dir='ltr'>ora·</span> 
     </span>
     <span class='ocr_line' id='line_1_20' title="bbox 193 3850 1325 3952; baseline 0.003 -25"><span class='ocrx_word' id='word_1_128' title='bbox 193 3854 297 3928; x_wconf 90' lang='lat' dir='ltr'>tione</span> <span class='ocrx_word' id='word_1_129' title='bbox 315 3851 570 3942; x_wconf 86' lang='lat' dir='ltr'>contendente,</span> <span class='ocrx_word' id='word_1_130' title='bbox 585 3860 625 3928; x_wconf 91' lang='lat' dir='ltr'>ut</span> <span class='ocrx_word' id='word_1_131' title='bbox 644 3851 678 3925; x_wconf 88' lang='lat' dir='ltr'>si</span> <span class='ocrx_word' id='word_1_132' title='bbox 696 3850 862 3949; x_wconf 90' lang='lat' dir='ltr'>Principi</span> <span class='ocrx_word' id='word_1_133' title='bbox 888 3851 976 3945; x_wconf 85' lang='lat' dir='ltr'>vita,</span> <span class='ocrx_word' id='word_1_134' title='bbox 1005 3854 1181 3952; x_wconf 88' lang='lat' dir='ltr'>salusque</span> <span class='ocrx_word' id='word_1_135' title='bbox 1211 3854 1325 3930; x_wconf 88' lang='lat' dir='ltr'>chara</span> 
     </span>
     <span class='ocr_line' id='line_1_21' title="bbox 195 3977 1324 4074; baseline 0.003 -21"><span class='ocrx_word' id='word_1_136' title='bbox 195 3988 332 4068; x_wconf 89' lang='lat' dir='ltr'>essent,</span> <span class='ocrx_word' id='word_1_137' title='bbox 351 3980 456 4054; x_wconf 85' lang='lat' dir='ltr'>nulla</span> <span class='ocrx_word' id='word_1_138' title='bbox 472 3977 692 4074; x_wconf 88' lang='lat' dir='ltr'>interposita</span> <span class='ocrx_word' id='word_1_139' title='bbox 711 4000 824 4069; x_wconf 87' lang='lat' dir='ltr'>mora,</span> <span class='ocrx_word' id='word_1_140' title='bbox 852 3978 941 4053; x_wconf 88' lang='lat' dir='ltr'>totis</span> <span class='ocrx_word' id='word_1_141' title='bbox 968 3978 1007 4052; x_wconf 93' lang='lat' dir='ltr'>in</span> <span class='ocrx_word' id='word_1_142' title='bbox 1035 3980 1163 4055; x_wconf 85' lang='lat' dir='ltr'>hostes</span> <span class='ocrx_word' id='word_1_143' title='bbox 1182 3980 1324 4056; x_wconf 83' lang='lat' dir='ltr'>viribus</span> 
     </span>
     <span class='ocr_line' id='line_1_22' title="bbox 193 4101 1324 4193; baseline 0.001 -15"><span class='ocrx_word' id='word_1_144' title='bbox 193 4105 433 4180; x_wconf 89' lang='lat' dir='ltr'>incumberet.</span> <span class='ocrx_word' id='word_1_145' title='bbox 453 4105 513 4179; x_wconf 90' lang='lat' dir='ltr'>Ita</span> <span class='ocrx_word' id='word_1_146' title='bbox 530 4102 640 4177; x_wconf 88' lang='lat' dir='ltr'>etiam</span> <span class='ocrx_word' id='word_1_147' title='bbox 659 4101 762 4176; x_wconf 89' lang='lat' dir='ltr'>illum</span> <span class='ocrx_word' id='word_1_148' title='bbox 781 4123 877 4193; x_wconf 90' lang='lat' dir='ltr'>esse,</span> <span class='ocrx_word' id='word_1_149' title='bbox 914 4103 1076 4178; x_wconf 85' lang='lat' dir='ltr'>ferocem</span> <span class='ocrx_word' id='word_1_150' title='bbox 1103 4107 1236 4178; x_wconf 87' lang='lat' dir='ltr'>natura</span> <span class='ocrx_word' id='word_1_151' title='bbox 1259 4104 1324 4180; x_wconf 91' lang='lat' dir='ltr'>ho-</span> 
     </span>
     <span class='ocr_line' id='line_1_23' title="bbox 194 4226 1325 4327; baseline 0.003 -24"><span class='ocrx_word' id='word_1_152' title='bbox 194 4230 341 4320; x_wconf 90' lang='lat' dir='ltr'>minem,</span> <span class='ocrx_word' id='word_1_153' title='bbox 361 4229 407 4304; x_wconf 86' lang='lat' dir='ltr'>de</span> <span class='ocrx_word' id='word_1_154' title='bbox 427 4251 469 4304; x_wconf 88' lang='lat' dir='ltr'>se</span> <span class='ocrx_word' id='word_1_155' title='bbox 487 4249 718 4327; x_wconf 88' lang='lat' dir='ltr'>persuasum,</span> <span class='ocrx_word' id='word_1_156' title='bbox 736 4235 776 4302; x_wconf 92' lang='lat' dir='ltr'>nt</span> <span class='ocrx_word' id='word_1_157' title='bbox 794 4226 917 4301; x_wconf 87' lang='lat' dir='ltr'>omnia</span> <span class='ocrx_word' id='word_1_158' title='bbox 936 4228 1008 4302; x_wconf 90' lang='lat' dir='ltr'>sibi</span> <span class='ocrx_word' id='word_1_159' title='bbox 1027 4251 1145 4326; x_wconf 87' lang='lat' dir='ltr'>prona</span> <span class='ocrx_word' id='word_1_160' title='bbox 1154 4227 1202 4303; x_wconf 87' lang='lat' dir='ltr'>ad</span> <span class='ocrx_word' id='word_1_161' title='bbox 1212 4230 1325 4306; x_wconf 87' lang='lat' dir='ltr'>victo-</span> 
     </span>
     <span class='ocr_line' id='line_1_24' title="bbox 192 4352 1323 4451; baseline -0.002 -22"><span class='ocrx_word' id='word_1_162' title='bbox 192 4356 300 4445; x_wconf 75' lang='lat' dir='ltr'>mam,</span> <span class='ocrx_word' id='word_1_163' title='bbox 336 4361 373 4428; x_wconf 88' lang='lat' dir='ltr'>et</span> <span class='ocrx_word' id='word_1_164' title='bbox 409 4354 535 4429; x_wconf 82' lang='lat' dir='ltr'>facilia</span> <span class='ocrx_word' id='word_1_165' title='bbox 559 4360 674 4451; x_wconf 91' lang='lat' dir='ltr'>putet,</span> <span class='ocrx_word' id='word_1_166' title='bbox 711 4360 886 4449; x_wconf 88' lang='lat' dir='ltr'>certoque</span> <span class='ocrx_word' id='word_1_167' title='bbox 915 4352 1086 4444; x_wconf 83' lang='lat' dir='ltr'>affirmet,</span> <span class='ocrx_word' id='word_1_168' title='bbox 1125 4360 1323 4451; x_wconf 87' lang='lat' dir='ltr'>antequam</span> 
     </span>
     <span class='ocr_line' id='line_1_25' title="bbox 193 4475 1324 4579; baseline -0.001 -26"><span class='ocrx_word' id='word_1_169' title='bbox 193 4480 324 4578; x_wconf 88' lang='lat' dir='ltr'>hyems</span> <span class='ocrx_word' id='word_1_170' title='bbox 350 4503 433 4555; x_wconf 91' lang='lat' dir='ltr'>enm</span> <span class='ocrx_word' id='word_1_171' title='bbox 462 4483 510 4556; x_wconf 92' lang='lat' dir='ltr'>ab</span> <span class='ocrx_word' id='word_1_172' title='bbox 529 4502 643 4579; x_wconf 88' lang='lat' dir='ltr'>opere</span> <span class='ocrx_word' id='word_1_173' title='bbox 661 4487 822 4566; x_wconf 87' lang='lat' dir='ltr'>revocet,</span> <span class='ocrx_word' id='word_1_174' title='bbox 855 4478 949 4553; x_wconf 88' lang='lat' dir='ltr'>duas</span> <span class='ocrx_word' id='word_1_175' title='bbox 978 4501 1020 4553; x_wconf 93' lang='lat' dir='ltr'>se</span> <span class='ocrx_word' id='word_1_176' title='bbox 1040 4501 1147 4554; x_wconf 88' lang='lat' dir='ltr'>arces</span> <span class='ocrx_word' id='word_1_177' title='bbox 1167 4475 1324 4576; x_wconf 88' lang='lat' dir='ltr'>Vespri·</span> 
     </span>
     <span class='ocr_line' id='line_1_26' title="bbox 194 4603 1325 4703; baseline -0.004 -23"><span class='ocrx_word' id='word_1_178' title='bbox 194 4607 306 4681; x_wconf 91' lang='lat' dir='ltr'>mium</span> <span class='ocrx_word' id='word_1_179' title='bbox 336 4615 374 4680; x_wconf 88' lang='lat' dir='ltr'>et</span> <span class='ocrx_word' id='word_1_180' title='bbox 391 4605 560 4682; x_wconf 87' lang='lat' dir='ltr'>Palotam</span> <span class='ocrx_word' id='word_1_181' title='bbox 578 4613 821 4703; x_wconf 88' lang='lat' dir='ltr'>recepturum,</span> <span class='ocrx_word' id='word_1_182' title='bbox 841 4610 1040 4702; x_wconf 84' lang='lat' dir='ltr'>appetente</span> <span class='ocrx_word' id='word_1_183' title='bbox 1060 4603 1202 4678; x_wconf 89' lang='lat' dir='ltr'>demum</span> <span class='ocrx_word' id='word_1_184' title='bbox 1226 4625 1325 4678; x_wconf 84' lang='lat' dir='ltr'>novo</span> 
     </span>
    </p>
   </div>
   <div class='ocr_carea' id='block_1_6' title="bbox 196 4728 1324 4933">
    <p class='ocr_par' dir='ltr' id='par_1_6' title="bbox 196 4728 1324 4933">
     <span class='ocr_line' id='line_1_27' title="bbox 196 4728 1324 4830; baseline -0.002 -27"><span class='ocrx_word' id='word_1_185' title='bbox 196 4754 297 4822; x_wconf 89' lang='lat' dir='ltr'>vere,</span> <span class='ocrx_word' id='word_1_186' title='bbox 326 4732 508 4807; x_wconf 87' lang='lat' dir='ltr'>Viennam</span> <span class='ocrx_word' id='word_1_187' title='bbox 537 4732 668 4830; x_wconf 89' lang='lat' dir='ltr'>ipsam,</span> <span class='ocrx_word' id='word_1_188' title='bbox 706 4730 942 4826; x_wconf 79' lang='lat' dir='ltr'>Pragamque</span> <span class='ocrx_word' id='word_1_189' title='bbox 971 4729 1074 4804; x_wconf 89' lang='lat' dir='ltr'>nulla</span> <span class='ocrx_word' id='word_1_190' title='bbox 1102 4751 1260 4826; x_wconf 90' lang='lat' dir='ltr'>unquam</span> <span class='ocrx_word' id='word_1_191' title='bbox 1284 4728 1324 4801; x_wconf 91' lang='lat' dir='ltr'>in</span> 
     </span>
     <span class='ocr_line' id='line_1_28' title="bbox 221 4867 1194 4933; baseline -0.003 -25"><span class='ocrx_word' id='word_1_192' title='bbox 221 4867 525 4911; x_wconf 59' lang='lat' dir='ltr'>monumentorum</span> <span class='ocrx_word' id='word_1_193' title='bbox 548 4891 574 4899; x_wconf 92' lang='lat'>-</span> <span class='ocrx_word' id='word_1_194' title='bbox 589 4869 778 4910; x_wconf 69' lang='lat' dir='ltr'>scelerosus.</span> <span class='ocrx_word' id='word_1_195' title='bbox 792 4869 862 4907; x_wconf 73' lang='lat' dir='ltr'>nvn.</span> <span class='ocrx_word' id='word_1_196' title='bbox 1172 4872 1194 4933; x_wconf 69' lang='grc' dir='ltr'><strong>ὑ</strong></span> 
     </span>
    </p>
   </div>
   <div class='ocr_carea' id='block_1_7' title="bbox 0 0 1818 5534">
    <p class='ocr_par' dir='ltr' id='par_1_7' title="bbox 0 0 1818 5534">
     <span class='ocr_line' id='line_1_29' title="bbox 0 0 1818 5534; baseline 0 3"><span class='ocrx_word' id='word_1_197' title='bbox 0 0 1818 5534; x_wconf 95' lang='lat' dir='ltr'> </span> 
     </span>
    </p>
   </div>
  </div>
 </body>
</html>
