3625 5534
457 457 535 536 184
856 481 905 531 10.
926 480 1027 531 nucu
1046 478 1197 532 nanovu

457 685 562 761 spem
591 655 754 757 praedae
783 656 909 746 ereeti,
938 677 1010 751 quo
1039 654 1099 728 die
1128 654 1277 752 Sponsa
1305 653 1441 730 Albam
1470 655 1590 731 iutro-

457 789 567 864 dueta
585 785 663 877 fuit,
688 782 861 881 oppidum
881 781 909 857 J
911 781 996 856 oieb
1026 777 1155 876 (latine
1173 782 1309 855 bonam
1335 780 1495 855 herbam
1525 804 1590 855 no·

458 914 599 989 minare
617 904 835 1011 poterimus)
856 931 937 982 eum
955 907 1299 983 circumiacentibus
1318 915 1461 1006 septem
1475 908 1591 1005 pagis

458 1035 673 1138 depopulati
709 1034 829 1123 luere,
849 1039 887 1106 et
913 1034 1045 1131 paneis
1074 1033 1215 1108 ablatis
1242 1032 1428 1108 vindietae
1461 1032 1591 1107 studio

460 1185 586 1240 omnes
605 1157 869 1259 propemodum
887 1157 971 1254 pari
989 1155 1208 1232 erudelitate
1228 1159 1483 1256 absumpsere.
1513 1159 1591 1232 Ea·

460 1292 543 1366 dem
561 1288 710 1364 fortuna
729 1284 829 1358 eirea
843 1282 1073 1357 Varadinuns
1093 1284 1204 1358 etiam
1224 1285 1399 1378 grassati,
1418 1283 1591 1381 aliquan-

461 1413 579 1491 tulam
598 1412 667 1488 sub
687 1419 833 1508 tempus
852 1409 1061 1506 nuptiarum
1078 1409 1257 1506 praedam
1276 1412 1451 1507 abegere.
1481 1409 1592 1501 Quae

462 1565 543 1617 eum
552 1537 719 1636 Prineipi
737 1536 994 1630 innotuissent,
1015 1536 1392 1635 supraquameuique
1407 1535 1593 1611 credibile
1736 1614 1737 1617 Ν

462 1669 522 1759 sit,
542 1665 713 1741 indolens
732 1670 770 1738 et
794 1663 1080 1752 exeandeseens,
1099 1669 1241 1738 tantam
1269 1684 1420 1737 suorum
1446 1661 1592 1735 eladem
1736 1740 1737 1755 ,

463 1792 581 1892 primo
601 1813 746 1889 quoque
764 1796 932 1886 tempore
950 1787 1081 1862 uleisoi
1099 1788 1239 1862 statuit.
1263 1785 1424 1863 Proinde
1442 1786 1594 1863 deleotu
1736 1874 1737 1879 Ν

464 1917 656 1994 confestim
684 1915 811 1990 habito
840 1923 980 1988 oertam
999 1938 1080 1990 eum
1099 1913 1147 1988 iis
1176 1914 1364 2006 militibus,
1393 1914 1456 2010 qui
1473 1915 1593 1990 beeb

464 2044 609 2120 avooati
627 2043 784 2135 fuerant,
804 2041 982 2116 nobilium
1000 2063 1146 2115 manum
1166 2042 1331 2137 ablegat,
1350 2039 1470 2137 iisque
1491 2039 1594 2114 serio
1736 2138 1737 2145 .

466 2168 627 2262 mandat,
647 2175 689 2244 ut
705 2177 846 2244 tantam
865 2166 1026 2241 miserae
1036 2165 1160 2263 plebis
1169 2163 1354 2240 lanienam
1363 2165 1489 2260 ulturi,
1501 2167 1596 2241 Tot
1736 2250 1737 2253 Ἴ

465 2293 685 2393 varadgiam
705 2293 878 2392 oppidum
897 2291 1082 2367 Tureieae
1102 2290 1252 2365 ditionis
1271 2290 1457 2388 diripiant
1475 2297 1515 2363 et
1535 2314 1596 2366 su·
1736 2272 1737 2287 Ν

464 2423 650 2520 perierem
667 2421 779 2497 Joieb
799 2418 943 2494 sladem
962 2417 1075 2492 simili
1103 2417 1333 2494 incommodo
1361 2416 1467 2492 illato
1497 2439 1597 2492 eom-

465 2525 636 2644 pensent.
657 2545 790 2641 Itaque
810 2551 964 2641 aoeepto
983 2543 1054 2618 hoo
1071 2523 1255 2640 Principis
1274 2542 1461 2634 mandato,
1480 2565 1595 2639 quam

466 2677 622 2769 possunt
640 2670 838 2745 eelerrime
857 2669 894 2742 in
923 2669 1105 2744 hosticum
1124 2669 1269 2760 ducunt,
1294 2675 1332 2742 et
1361 2666 1518 2742 simulae
1548 2669 1597 2742 ad

467 2793 641 2892 oppidum
659 2799 769 2869 nootu
789 2800 1050 2890 pervenerunt,
1062 2793 1288 2890 comparatis
1302 2793 1483 2884 omnibus,
1496 2816 1595 2890 quae

467 2919 516 2994 ad
526 2920 839 3018 oppugnationem
849 2914 1108 3015 (necessaria),
1125 2917 1598 3017 aggrediuntur.0ppidum

467 3069 556 3121 vero
567 3069 634 3144 per
645 3047 717 3119 vim
736 3045 1025 3121 nullofereeum
1036 3045 1201 3139 periculo
1213 3067 1362 3120 suorum
1371 3044 1531 3142 eapiunt,
1544 3046 1598 3118 in-

469 3171 638 3262 cendunt,
651 3170 843 3267 diripiunt3
863 3171 1009 3245 Turoas
1021 3192 1160 3259 omnes,
1171 3169 1233 3266 qui
1245 3169 1390 3245 dueenti
1401 3169 1600 3245 eireiterin

470 3298 690 3388 obfuerant,
710 3297 905 3390 trucidant,
926 3297 1029 3372 senis'
1057 3296 1237 3371 duntaxat
1264 3317 1389 3371 eorum
1418 3294 1464 3369 de
1493 3317 1600 3370 muro

470 3420 736 3512 desilientibus,
767 3422 864 3518 quod
891 3430 1088 3521 sperarent
1113 3427 1303 3496 transacto
1333 3419 1500 3496 Marusio
1529 3417 1600 3496 llu-

470 3547 566 3621 mine
585 3547 741 3622 salutem
762 3567 804 3622 se
814 3555 1089 3623 consecuturos.
1109 3547 1246 3622 Verum
1266 3546 1292 3621 ii
1303 3547 1414 3621 etiam
1424 3545 1601 3621 anostris

473 3671 668 3772 intereepti
685 3672 803 3766 fuere,
822 3680 933 3770 atque
951 3672 990 3746 in
1010 3671 1264 3769 captivitatem
1283 3671 1443 3748 abdueti.

798 4064 973 4144 OAPvu
1014 4063 1282 4144 OCTAVVM.

517 4247 577 4320 De
593 4245 745 4323 dimissa
762 4274 786 4322 o
806 4247 986 4346 Principe
1003 4247 1135 4340 Socra,
1154 4258 1328 4345 captoque
1346 4248 1541 4322 Faczt'ado.

580 4423 713 4501 Multis
731 4448 804 4502 uuo
823 4424 1024 4524 eodemque
1042 4432 1209 4525 tempore
1228 4424 1338 4516 euris,
1358 4449 1440 4501 eum
1458 4425 1604 4522 geniali

474 4549 611 4646 gaudio
629 4573 764 4628 vaeare
784 4551 947 4646 deberet,
967 4550 1147 4650 Prinoeps
1166 4551 1404 4627 obruebatur.
1433 4552 1531 4627 Nam
1564 4560 1604 4627 et

474 4672 661 4771 ingentem
680 4677 928 4755 Tartarorum
946 4676 1213 4753 multitudinem
1233 4700 1280 4752 ex
1299 4673 1455 4776 Scythia
1473 4676 1602 4777 prodi·
