3625 5534
498 528 546 578 un
565 527 735 579 annuns.
757 527 839 578 nnc.
867 528 902 577 x.
925 529 957 576 n.
979 529 1011 576 x.
1264 504 1338 581 237

216 701 517 798 prudentissimis
537 701 743 800 quibusque
762 701 915 776 sciuris
935 701 1073 798 publici
1091 701 1339 800 peritissimis,

217 848 286 924 pro
306 826 487 922 dignitate
505 827 686 926 Princeps
706 829 866 920 mandat,
886 828 1228 904 utcontroversiam
1247 829 1341 903 tanti

215 953 387 1027 momenti
405 951 571 1026 adhibita
591 954 773 1050 singulari
791 953 985 1049 diligentia
1004 977 1050 1028 ex
1069 977 1187 1051 aequo
1199 963 1236 1030 et
1244 957 1340 1028 bono

215 1076 398 1154 decidant.
422 1078 510 1154 Mox
519 1079 716 1175 Magistris
736 1079 1019 1172 Protonotariis,
1033 1080 1200 1183 ¹Martino
1219 1080 1342 1155 Rado-

215 1205 357 1296 vancio,
377 1205 770 1302 IoannequeBorsolo,
782 1205 1067 1282 cnmordiuariis
1087 1205 1343 1282 assessoribus

214 1329 382 1426 legitima
400 1330 543 1405 ratione
561 1332 597 1405 in
611 1331 746 1406 iudicio
756 1332 1068 1429 praesidentibus,
1087 1341 1342 1431 ntruqncpars

216 1478 366 1534 causam
385 1455 507 1531 dicere
526 1457 708 1533 iussaest.
729 1455 854 1554 Siculi,
873 1458 1042 1564 immines
1053 1459 1224 1557 imperiti,
1246 1465 1339 1536 rast-

217 1581 269 1656 ris
297 1581 421 1680 potius
450 1582 674 1674 tractandis,
705 1606 814 1680 quam
850 1585 975 1660 causis
1005 1585 1170 1661 dicendis
1207 1584 1342 1676 idonei,

215 1707 307 1782 nihil
323 1708 404 1782 tere
423 1707 523 1781 alind
539 1710 673 1785 afferre
692 1717 899 1807 potuerunt,
921 1701 1018 1808 quod
1038 1711 1086 1785 ad
1105 1711 1341 1787 obtinendam

218 1833 406 1909 libertatis
424 1834 728 1932 praerogativam
745 1836 897 1927 taceret,
924 1860 1033 1932 qnam
1053 1836 1150 1932 quod
1169 1838 1343 1914 mandato

218 1959 404 2058 Principis
415 1961 663 2057 sumpsissent
673 1985 786 2055 arma,
797 1962 1034 2060 eiusdemque
1045 1963 1170 2037 divina
1180 1965 1343 2040 liberali-

216 2093 293 2162 tate
311 2085 471 2160 fuissent
485 2088 660 2196 amissam
670 2088 880 2164 libertatem
890 2111 1020 2164 rursus
1032 2091 1229 2166 consecuti.
1250 2093 1343 2166 Eam

219 2236 299 2288 cum
318 2220 356 2286 et
374 2209 554 2310 Princeps
583 2215 799 2290 solennibus
827 2214 1079 2292 instrumentis
1110 2216 1343 2308 confirmarit,

220 2345 257 2412 et
283 2337 356 2433 ipsi
375 2339 705 2414 contraBarbaros
725 2340 762 2414 iu
783 2342 1037 2439 Transalpina
1056 2343 1214 2417 fortibus
1232 2344 1343 2419 lactis

219 2488 298 2541 cum
324 2471 490 2539 extremo
519 2464 653 2561 capitis
682 2465 786 2540 iuxta
821 2474 934 2563 atque
961 2468 1189 2543 fortunarum
1218 2469 1344 2544 discri-

218 2591 313 2664 mine
332 2589 609 2688 promeruerint,
638 2590 769 2688 aequis
799 2615 895 2668 nunc
915 2615 1060 2690 quoque
1087 2594 1247 2669 iudicum
1265 2617 1345 2671 sen·

217 2716 342 2790 tentiis
378 2722 498 2790 ratam
534 2713 665 2791 haberi
703 2741 929 2816 magnopere
971 2728 1088 2795 crant.
1128 2720 1345 2820 Responde·

216 2850 300 2917 runt
329 2840 378 2915 ad
410 2840 504 2915 haec
522 2841 686 2916 nobiles:
716 2843 837 2919 lnvito
860 2843 1034 2943 Principe
1064 2844 1210 2920 Siculos
1237 2847 1341 2923 initio

219 2988 363 3064 quoqne
382 2965 489 3042 huius
517 2965 608 3041 belli
633 2991 737 3042 arma
757 2971 973 3067 sumpsisse,
993 2970 1207 3067 pariterque
1226 2973 1344 3047 reluc-

220 3093 312 3168 tanti
340 3091 577 3189 privileginm
596 3091 782 3169 libertatis
802 3095 1018 3170 extorsisse.
1057 3095 1218 3172 Proinde
1248 3101 1344 3194 quod

220 3229 316 3294 metu
344 3218 496 3294 maioris
523 3218 689 3316 periculi,
719 3221 986 3318 formidineque
1011 3223 1186 3298 instantis
1206 3225 1243 3297 in
1264 3225 1344 3299 dies

220 3373 300 3423 cnm
321 3345 496 3422 universo
516 3341 692 3422 Caesaris
713 3347 862 3422 Turcici
887 3348 1051 3423 exercitu
1080 3345 1221 3443 Sinani,
1241 3359 1366 3456 cont-⁸

220 3501 262 3549 ra
298 3481 354 3550 tot
386 3479 644 3569 tantorumque
681 3473 861 3547 Divorum
893 3472 1107 3573 Principum
1143 3477 1342 3575 privilegia

219 3599 426 3698 longissimi
454 3599 632 3696 temporis
661 3601 956 3697 praescriptione
976 3601 1201 3694 confirmata,
1230 3603 1342 3677 invic-

219 3727 383 3802 tissimus
402 3723 582 3823 Princeps
602 3727 827 3819 contulisset,
856 3727 894 3800 id
912 3752 1145 3825 nequaquam
1160 3736 1279 3803 ratum
1299 3755 1343 3804 ac

220 3855 360 3929 firmum
380 3876 460 3927 cum
479 3853 674 3928 manifesto
695 3855 903 3929 nobilitatis
921 3855 1148 3952 praeiudicio
1177 3878 1261 3930 esse
1282 3855 1343 3931 de·

220 3985 318 4072 bere,
342 3976 562 4076 praesertim
590 4001 670 4054 cum
689 4001 821 4055 novum
838 3979 909 4053 boc
928 3987 1171 4078 recuperatae
1189 3981 1339 4056 liberta-

220 4105 268 4180 tis
286 4103 504 4181 beneficium
526 4103 673 4178 violatis
693 4105 773 4179 eius
794 4103 1064 4180 conditionibus
1083 4112 1198 4181 totum
1214 4106 1341 4181 anusc-

220 4231 301 4305 rint.
330 4230 403 4304 His
423 4236 460 4304 et
479 4228 664 4303 similibus
680 4229 893 4305 acutissime
913 4253 936 4303 a
964 4236 1042 4304 tota
1070 4230 1263 4306 nobilitate
1283 4254 1343 4306 ex·

221 4357 402 4454 cogitatis,
433 4363 543 4452 atque
562 4357 730 4453 prolatis,
749 4363 945 4455 postquam
965 4380 1042 4432 rem
1061 4357 1153 4432 tanti
1173 4357 1343 4432 momenti

220 4483 416 4579 diligenter
443 4481 582 4556 indices
610 4481 649 4555 in
676 4491 868 4578 utramque
897 4491 1040 4579 partem
1068 4483 1343 4579 disputassent:

219 4609 365 4684 tandem
394 4609 643 4683 communibus
680 4611 760 4682 fere
796 4608 955 4683 omnium
986 4609 1173 4706 suffragiis
1201 4611 1344 4684 conclu-

222 4757 298 4810 sum
311 4743 388 4811 est:
409 4731 565 4826 Siculos,
586 4758 666 4810 cum
686 4735 930 4841 etmanilesta
951 4735 1109 4830 quesivi
1128 4735 1343 4812 libertatem
1407 4747 1412 4770 ⁴
