3625 5534
487 451 562 530 16⁶2
884 475 933 525 10.
954 476 1054 526 naeu
1073 475 1221 527 eunoun

485 652 672 750 sigillique
683 651 910 752 appensione
919 673 993 726 una
1002 674 1081 725 cum
1092 650 1216 749 Regni
1227 651 1442 749 Hungariae
1454 653 1601 732 Ordini-

484 783 553 856 bus
572 779 788 855 confirmare
806 779 1036 854 tenebuntur.
1067 778 1239 875 Denique
1258 803 1339 856 cum
1359 803 1500 857 summa
1518 782 1605 858 belli

484 908 690 984 necessitas
708 914 850 1004 urgeat,
870 906 940 980 has
959 904 1188 981 conditiones
1208 907 1474 1005 quamprimum
1495 909 1605 984 utrin-
1728 990 1729 1019 ,

484 1059 555 1132 que
574 1034 752 1124 concludi,
770 1032 823 1110 ita
841 1041 1034 1131 utramque
1053 1041 1197 1130 partem
1227 1032 1275 1108 ad
1305 1034 1602 1110 observationem
1728 1136 1729 1141 Ν

484 1185 608 1240 eornm
627 1161 788 1259 obligari
805 1163 940 1260 placet,
959 1167 1008 1254 ut,
1028 1159 1062 1234 si
1080 1160 1348 1236 matrimonium
1366 1186 1438 1237 non
1457 1183 1603 1238 succes·
1728 1178 1729 1233 ι

484 1290 587 1383 serit,
612 1297 744 1365 neutra
762 1312 851 1387 pars
872 1288 1042 1383 obligata
1059 1295 1216 1379 maneat,
1237 1287 1600 1388 sedtamunaquam
1728 1326 1729 1357 ÷

483 1415 601 1492 altera
620 1416 668 1490 ab
689 1415 787 1514 omni
805 1414 968 1492 foederis
986 1412 1132 1489 vinculo
1160 1414 1350 1490 liberetur.
1381 1413 1453 1490 His
1481 1415 1602 1491 condi·
1728 1466 1729 1529 ,

482 1541 643 1616 tionibus
663 1543 710 1616 ab
729 1548 884 1640 utraque
903 1548 1010 1640 parte
1040 1540 1260 1638 approbatis
1290 1542 1514 1640 subscripsit
1532 1541 1602 1618 Ro-

486 1665 641 1764 dolpbus
661 1667 742 1768 ipse
766 1667 982 1764 Imperator,
1003 1662 1363 1762 ansarSpeoianus
1392 1665 1602 1765 Episcopus
1728 1694 1729 1707 ¹

483 1788 753 1889 Cremonensis,
771 1795 932 1868 Ioannes
942 1793 1154 1890 Episcopus
1170 1792 1383 1886 lentiensis,
1394 1789 1602 1893 Stephanus

482 1918 601 1995 Zuhai
628 1919 838 2019 Episcopus
866 1918 1074 2010 Vaciensis,
1104 1917 1269 1994 Thomas
1299 1918 1440 1994 Erdtldi
1468 1915 1602 1996 Oomes

480 2046 618 2122 Montis
636 2043 793 2140 Claudii,
812 2046 950 2137 Banns,
971 2042 1099 2120 Simon
1108 2044 1351 2142 Forgachius,
1363 2045 1477 2122 Liber
1497 2047 1596 2122 Baro
1728 2114 1729 2121 Ν

482 2173 519 2248 iu
539 2169 719 2272 Ghymes,
735 2172 894 2249 Ioannes
913 2173 939 2249 J
943 2194 988 2246 oo
1008 2173 1053 2247 tle
1073 2172 1292 2264 Kaaabaza,
1311 2171 1450 2248 Paulus
1471 2169 1598 2248 Sixtus

479 2297 1598 2398 aTranchen.NomineveroPrincipisSigismundisubscrip·
1728 2304 1729 2311 '

482 2433 609 2501 serumt
628 2424 838 2525 Stephanus
857 2424 1025 2501 Boczkai
1053 2425 1098 2500 de
1117 2426 1192 2501 Kis
1211 2425 1340 2517 Maria,
1371 2422 1600 2524 Capitonem

483 2552 726 2629 Varadiensis
746 2560 783 2628 et
802 2548 937 2627 Comes
956 2548 1408 2648 OomitamsBihariensis,
1419 2549 1602 2629 Consilia·

489 2679 567 2754 rius
586 2686 624 2754 et
643 2676 782 2754 Orator
810 2677 1016 2777 Principis,
1055 2675 1263 2774 Gregorius
1280 2679 1369 2754 item
1398 2676 1531 2780 Ostky
1557 2679 1601 2754 sie

482 2804 772 2900 Keresztsuegh,
791 2806 952 2881 Ioannes
971 2801 1082 2901 Sigen
1110 2805 1155 2880 de
1184 2802 1462 2882 Stant-Lasnlb.
1491 2809 1599 2883 Ioan-

479 2954 546 3008 nes
565 2931 695 3006 Fratai
715 2930 759 3006 de
778 2931 905 3024 Frate,
925 2930 1104 3007 Albertus
1132 2929 1290 3028 Seuveg,
1319 2932 1436 3007 Index
1454 2932 1599 3030 Regius

479 3056 716 3155 cibiniensis,
737 3059 953 3157 Alphonsus
983 3056 1159 3135 Oarillins
1189 3058 1419 3155 Theologiae
1457 3059 1600 3137 Doctor

480 3187 680 3284 Hispanus.
700 3184 798 3261 Acta
815 3186 909 3260 baec
927 3186 1075 3261 fuerunt
1092 3165 1281 3261 XXVIII.
1303 3185 1469 3261 Ianuarii
1487 3185 1598 3261 Anno

480 3321 679 3409 reparatae
698 3310 837 3389 Salutis
856 3309 1057 3388 MDXOV.

941 3507 1140 3519 ———-—--

664 3663 838 3746 OAPVT
858 3667 1103 3746 DECIMVM
1124 3668 1391 3762 QVARTVM.

477 3816 534 3890 De
553 3819 641 3890 inito
664 3801 889 3914 Sipicmetudi
909 3812 1096 3912 Hiccipis
1113 3817 1340 3892 matrimonio
1367 3843 1446 3890 curu
1467 3816 1596 3892 Maria

918 3937 1153 4016 ChrictIerac.

594 4106 673 4179 Icto
703 4104 741 4177 in
760 4101 858 4177 hunc
877 4101 1021 4177 modum
1039 4102 1190 4178 foedere
1209 4103 1324 4198 legati
1335 4102 1522 4202 Prinpris
1542 4102 1598 4180 Si·

475 4231 657 4330 gurmundi
675 4227 1043 4306 bonorificentissIme
1061 4230 1110 4305 ab
1135 4231 1366 4328 Imperatore
1385 4229 1524 4322 donati,
1544 4232 1597 4307 di-

474 4359 650 4457 missique
677 4357 784 4433 VIII.
812 4355 1011 4432 Februarii
1048 4353 1175 4452 Praga
1208 4353 1400 4450 Viennam,
1438 4355 1598 4455 indeque

474 4485 683 4578 Graecium,
703 4484 852 4584 Styriae
872 4485 1117 4583 Metropolim,
1137 4483 1185 4560 ad
1205 4540 1212 4555 .
1235 4541 1242 4556 .
1263 4540 1271 4557 .
1293 4481 1440 4559 .Oaroli
1466 4483 1599 4561 Archi·

474 4613 576 4687 ducis
596 4613 743 4687 viduam
763 4611 905 4706 magnis
925 4611 1118 4688 itineribus
1128 4619 1385 4708 pervenerunt.
1404 4611 1499 4687 Erat
1507 4620 1596 4687 tunc

472 4761 544 4813 non
563 4739 680 4812 solum
706 4737 803 4812 Aula
823 4736 1017 4834 Principis,
1038 4738 1104 4811 sed
1123 4744 1201 4812 tota
1215 4737 1347 4811 civitas
1367 4743 1479 4832 atque
1489 4739 1597 4833 regio
1728 4764 1729 4769 ¹
