3625 5534
387 521 391 528 ·
508 499 557 550 ns
575 501 747 554 namuro.
768 503 851 555 nnc.
879 505 914 554 x.
934 504 969 557 u.
989 505 1036 558 vr.
1271 483 1345 563 131

218 679 336 768 retus,
355 675 453 773 apud
483 677 675 771 gemonias
695 677 860 754 civitatis
880 681 1006 756 scalas
1035 682 1159 780 capite
1177 691 1347 761 truncan-

217 807 285 892 tnr,
306 807 346 876 et
364 799 506 876 duobus
525 801 712 899 prioribus
731 804 770 877 in
788 803 927 903 templo
956 809 1124 906 sepultis,
1154 810 1289 907 reliqui
1308 811 1347 886 in

218 926 475 1002 coemeterium
518 927 616 1016 elati,
663 928 790 1026 ibique
838 932 1008 1007 tumulati
1044 935 1159 1010 fuere.
1197 933 1348 1034 Reliqui

217 1074 354 1148 eorum,
374 1054 427 1128 ita
445 1054 483 1127 in
502 1053 691 1128 custodias
712 1055 822 1131 divisi
851 1057 965 1150 tuere,
994 1066 1036 1133 nt
1054 1058 1258 1135 Baltbasar
1276 1061 1347 1136 Ba·

216 1177 368 1254 thoreus
388 1201 469 1253 cnm
488 1178 714 1274 Volffgango
734 1181 965 1256 Kovaciccio
986 1183 1345 1280 Ujvarinum,Fran·

217 1303 338 1380 eiscus
368 1329 448 1382 oum
478 1307 617 1381 Ioanne
645 1305 888 1384 Bornemisza
908 1306 1146 1408 Gyaluinum,
1184 1314 1370 1388 Ioannes*

217 1427 396 1523 Gerendi,
418 1427 596 1504 Albertus
616 1429 773 1528 Ldnyai,
796 1428 988 1529 Georgius
1000 1431 1183 1528 Ssaltnci,
1193 1436 1346 1513 Baltha·

216 1577 279 1630 sar
298 1552 472 1652 Szilvtsy
501 1553 638 1629 Albam
666 1554 897 1632 ducerentur.
938 1556 1015 1633 Sed
1043 1583 1091 1634 ex
1109 1559 1167 1636 bis
1186 1569 1344 1660 quatuor

215 1681 444 1778 posteriores
472 1680 667 1756 clementia
694 1679 900 1781 Principis,
938 1683 1015 1759 vita
1044 1685 1181 1781 donati,
1209 1688 1343 1786 reliqui

215 1827 342 1882 omnes
369 1806 455 1904 lege
482 1806 589 1902 Iulia,
628 1805 773 1883 scilicet
802 1809 1023 1902 Maiestatis,
1057 1813 1225 1890 nonnulli
1252 1837 1342 1891 vero

216 1931 326 2007 etiam
346 1955 393 2008 ex
410 1933 458 2009 iis
477 1931 651 2008 Cornelia
673 1934 719 2008 de
749 1933 894 2009 sicariis
925 1937 1169 2032 condemnati,
1199 1940 1341 2017 decimo

215 2057 341 2154 quinto
376 2067 464 2156 post
498 2059 645 2158 priores
683 2060 742 2134 die
771 2061 883 2135 vitam
911 2063 1050 2138 finiere.
1089 2063 1270 2166 Princeps
1299 2073 1342 2141 ut

215 2184 331 2260 variis
350 2185 535 2261 hominum
554 2209 599 2260 ea
619 2185 664 2260 de
683 2211 724 2260 re
744 2189 978 2263 sermonibus
1007 2211 1053 2262 ac
1070 2189 1339 2268 iudiciissatis·

213 2310 364 2403 iaceret,
383 2314 496 2409 longa
516 2335 557 2387 se
578 2311 744 2387 oratione
764 2314 969 2406 excusavit,
990 2337 1063 2389 non
1082 2337 1125 2390 se
1145 2314 1238 2393 haec
1257 2342 1339 2394 crn-

215 2438 377 2530 delitate,
396 2438 464 2514 sed
482 2437 708 2514 necessitate
733 2445 900 2513 coactum
919 2436 1065 2523 fecisse,
1095 2449 1133 2515 et
1152 2444 1341 2539 quaesibi

213 2547 268 2622 iffi
287 2564 487 2638 machinati
505 2565 675 2656 fuissent,
695 2563 733 2636 in
753 2584 876 2638 eorum
899 2564 1024 2663 capita
1042 2565 1267 2662 revolvisse3
1286 2591 1339 2664 se,

213 2711 396 2779 uteorum
415 2713 508 2785 erga
526 2712 567 2764 se
585 2689 884 2764 benevolentiam
912 2696 1089 2784 tueretur,
1126 2715 1200 2768 nou
1229 2715 1340 2769 seem

213 2836 289 2908 eos,
309 2840 356 2892 ao
372 2824 511 2915 patres,
530 2824 568 2891 et
585 2816 732 2905 iratres,
754 2819 866 2910 atque
895 2814 991 2888 adeo
1017 2816 1198 2914 pupillam
1216 2821 1339 2894 oculo-

213 2963 290 3016 rum
311 2942 548 3034 observasse,
568 2941 690 3015 omnia
722 2939 798 3013 illis
827 2941 1027 3036 erogasse,
1056 2941 1129 3016 sibi
1146 2942 1239 3017 nibil
1255 2966 1340 3043 pro·

214 3068 408 3166 pemodum
426 3067 634 3164 reliquisse.
654 3065 708 3140 At
726 3086 814 3140 vero
835 3087 902 3139 eos
923 3067 1126 3164 protentis
1148 3069 1339 3145 beneficiis
1376 3120 1380 3125 ·

214 3194 413 3292 pessimam
430 3193 592 3291 gratiam
609 3193 686 3286 sibi
713 3191 903 3286 retulisse,
924 3200 965 3267 ut
983 3192 1065 3290 ipse
1084 3173 1115 3268 e'
1123 3192 1255 3291 Regno
1273 3196 1339 3270 eli-

212 3321 422 3410 minaretur,
441 3321 587 3396 aliusve
606 3326 881 3414 surrogaretur,
910 3325 1065 3393 conatos
1087 3320 1217 3396 tuisse.
1240 3320 1338 3414 Quo·
1477 3383 1483 3394 .

211 3469 288 3520 rum
316 3445 475 3520 omnium
504 3441 795 3542 locupletissima
824 3463 866 3515 se
894 3443 1117 3540 testimonia,
1138 3469 1184 3521 ac
1200 3445 1337 3525 indicia

211 3572 374 3672 propriis
412 3595 538 3647 eorum
586 3568 847 3666 chirographis
895 3572 1137 3669 comprobata
1182 3573 1335 3660 habere,

211 3695 370 3772 Proinde
389 3697 508 3772 Deum
527 3696 657 3794 ipsum,
678 3717 722 3768 ao
741 3693 868 3767 coelos
883 3714 937 3780 se,
959 3695 1335 3793 universosqnemor·

211 3823 307 3898 tales
317 3824 531 3916 contestari,
550 3843 623 3898 non
642 3808 684 3897 se
703 3819 909 3897 tristissimi
917 3818 1026 3896 huius
1035 3817 1199 3920 ipsorum
1220 3823 1334 3899 exitii.

210 3950 275 4026 sed
295 3973 338 4026 se
357 3951 461 4049 ipsos
482 3973 616 4026 causas
637 3971 733 4040 esse,
753 3947 851 4045 quod
870 3947 981 4021 etiam
999 3946 1083 4044 ipse
1093 3948 1335 4024 acerbissimo

210 4075 328 4151 animo
357 4079 546 4153 toleraret.
586 4074 661 4152 Sed
699 4074 870 4171 quoniam
908 4071 1060 4147 intersit
1095 4073 1335 4171 reipublicae,
1372 4115 1377 4122 ·

208 4201 297 4278 talis
315 4203 487 4301 exempla
506 4200 743 4278 severissime
767 4198 958 4288 vindicari,
1000 4196 1085 4295 ipsa
1112 4220 1154 4274 se
1181 4199 1335 4275 invitum

207 4328 429 4405 necessitate
447 4326 611 4405 muneris
630 4328 679 4403 ad
697 4327 766 4402 bas
777 4347 919 4424 poenas
936 4323 1164 4420 irrogandas
1183 4324 1335 4402 descen.

207 4451 316 4530 disse.
364 4454 437 4530 His
465 4463 578 4552 atque
605 4451 789 4528 similibus
818 4458 1018 4550 postquam
1048 4469 1091 4524 se
1109 4471 1234 4524 eoram
1251 4456 1334 4527 tota

207 4579 398 4656 nobilitate
423 4583 655 4668 excusasset,
683 4577 846 4652 dimissis
876 4571 1050 4663 comitiis,
1088 4572 1223 4649 Albam
1250 4575 1334 4674 ipse

208 4725 350 4805 quoque
369 4728 544 4781 reversus
564 4713 633 4782 est.

674 4823 844 4834 ———-

1114 4839 1156 4904 9*
