3625 5534
455 443 506 520 ts
847 462 896 514 ro.
915 461 1016 514 onon
1034 461 1184 516 eunoun

455 639 504 712 ab
523 635 774 735 oppugnanda
791 638 893 726 urbe,
926 645 962 710 et
979 643 1146 734 tempore
1165 639 1259 736 ipso,
1289 639 1386 736 quod
1414 640 1492 713 iam
1514 639 1582 736 hy·

456 786 573 838 emem
592 762 765 853 referret,
786 770 824 836 et
849 784 894 835 eo
933 763 1101 854 maxime,
1132 765 1230 859 quod
1258 767 1453 839 tormentis
1482 788 1589 840 care-

455 896 549 978 rent,
598 888 858 963 abstinendum
906 886 980 961 sibi
1019 887 1205 982 viderent,
1259 912 1443 966 converso
1482 899 1589 965 retro
1721 891 1722 954 l

456 1013 604 1110 agmine
622 1013 767 1089 domum
787 1012 910 1088 redire
930 1013 1191 1110 properabant.

915 1255 1127 1268 *-

817 1491 993 1568 onrvu
1023 1491 1224 1572 nonvn.

538 1675 597 1748 De
614 1679 770 1750 victorio
789 1673 1079 1749 etruriamque
1099 1677 1152 1749 od
1167 1675 1499 1776 Albam-Repetam.

563 1878 687 1951 Bassa
704 1875 847 1949 interea
866 1874 1051 1950 Budensis
1066 1897 1296 1970 cognoscens
1321 1900 1389 1974 per
1409 1879 1586 1976 explora-

455 2014 569 2098 tores,
590 2002 678 2100 qnid
696 1999 842 2076 consilii
861 1997 1066 2076 Christiani
1077 2010 1262 2099 caperent,
1273 2003 1490 2077 convocatis
1502 2019 1591 2077 con·

457 2131 583 2206 testim
602 2129 782 2218 omnibns,
802 2127 865 2224 qni
883 2135 921 2201 et
939 2127 1079 2219 Budae,
1112 2136 1149 2203 et
1176 2128 1266 2203 alibi
1286 2129 1366 2203 eius
1386 2128 1498 2204 ductu
1519 2129 1587 2203 sti-

459 2256 595 2356 pendia
624 2255 826 2343 merebant,
864 2274 945 2325 cnm
974 2253 1102 2327 valida
1128 2253 1310 2351 equitum,
1348 2255 1588 2353 peditumque

461 2402 631 2456 manusc
651 2379 699 2453 ad
719 2377 920 2456 ferendam.
958 2377 1020 2450 ubi
1036 2397 1038 2402 ·
1053 2399 1143 2452 usus
1162 2387 1344 2475 posceret,
1382 2379 1459 2454 suis
1478 2401 1588 2478 opem

459 2510 751 2605 comparaverat,
770 2501 1027 2600 promotisque
1047 2504 1176 2602 copiis,
1197 2505 1412 2601 ipseetiam,
1433 2507 1588 2580 eandem

460 2637 604 2728 partem
623 2629 661 2702 in
681 2648 790 2722 qnam
819 2624 1034 2718 Christiani,
1064 2649 1152 2703 snos
1181 2627 1399 2704 adducebat
1447 2629 1588 2704 Verum

460 2752 685 2832 Christianis
714 2765 756 2827 re¹
783 2758 1001 2850 perpetrata
1028 2754 1102 2827 iam
1127 2752 1423 2842 discedentibus,
1462 2752 1588 2828 Albae

461 2880 680 2956 Praefectus
699 2901 780 2953 cum
804 2879 882 2954 suis
912 2879 1004 2953 mbo
1023 2901 1064 2953 se
1084 2879 1284 2970 effundens,
1299 2879 1589 2975 obviusqueBn-

460 3007 577 3101 densi,
606 3028 716 3082 orare
736 3028 830 3097 eum,
851 3028 897 3078 ne
916 3012 1058 3080 tantum
1076 3005 1221 3080 lacinus
1240 3004 1392 3081 inultum
1403 3005 1587 3103 patiatur:

460 3137 497 3210 in
516 3140 715 3232 conspectu
743 3155 828 3207 esse
855 3131 1002 3221 hostes,
1038 3132 1076 3205 in
1105 3155 1212 3208 manu
1241 3131 1445 3224 victoriam,
1483 3131 1589 3206 nulla

384 3346 388 3352 ,
461 3279 587 3335 secum
604 3265 789 3333 tormenta
807 3279 873 3330 eos
892 3257 1045 3349 habere,
1073 3257 1184 3331 facile
1203 3279 1341 3354 pancos
1362 3282 1385 3332 a
1402 3255 1590 3352 pluribus,

461 3385 631 3474 inermes,
651 3384 928 3481 imparatosque
948 3382 1073 3474 abiis,
1093 3383 1156 3479 qni
1164 3383 1332 3458 omnibns
1343 3381 1588 3466 abundarent,

410 3496 421 3510 ”
464 3510 621 3607 opprimi
640 3531 766 3608 posse.
783 3509 870 3584 Non
889 3516 971 3584 erat
990 3531 1084 3606 opus
1102 3509 1269 3606 pluribus
1289 3509 1387 3606 apud
1403 3509 1589 3584 bominem

465 3658 534 3711 sna
555 3642 687 3733 sponte
707 3635 765 3710 sui
793 3634 1047 3726 confidentem,
1081 3631 1236 3729 gradum
1257 3634 1450 3709 confestim
1469 3634 1588 3708 inten-

466 3762 565 3854 dnnt,
584 3769 622 3836 et
640 3761 703 3834 vix
721 3762 770 3835 ab
789 3761 881 3836 urbe
901 3783 973 3836 nno
1002 3759 1163 3852 milliari,
1200 3759 1423 3858 recipientes
1451 3759 1526 3833 iam
1547 3781 1588 3834 se

465 3885 702 3963 Christianos
739 3887 965 3985 conspicati,
1004 3887 1186 3983 quomodo
1214 3909 1278 3960 eos
1308 3885 1589 3988 aggrediantur,

465 4013 707 4087 deliberaturi
726 4013 943 4088 consistunt.
963 4013 1007 4086 Id
1027 4009 1251 4088 Christianis
1271 4014 1382 4088 saluti
1409 4012 1485 4104 init,
1527 4009 1588 4108 qni

465 4139 598 4213 solutis
628 4138 821 4214 ordinibus
848 4139 921 4213 iter
941 4137 1152 4236 capientes,
1183 4137 1245 4212 vix
1264 4137 1349 4212 sisti
1372 4161 1395 4211 a
1424 4136 1589 4226 ducibus,

466 4261 521 4336 ire
540 4263 728 4358 adsigna,
756 4263 795 4338 iu
822 4263 950 4338 hostes
979 4283 1020 4336 se
1048 4271 1274 4354 convertere,
1302 4286 1406 4337 arma
1424 4259 1588 4352 induere,

466 4365 538 4462 ant*
548 4388 596 4463 ad
616 4411 661 4462 ea
680 4387 852 4464 iacienda
872 4389 1004 4462 adduci
1025 4397 1189 4486 potuere,
1213 4412 1307 4486 quae
1327 4409 1507 4486 praesens
1528 4409 1588 4460 ne·

468 4513 638 4603 cessitas,
659 4521 696 4588 et
714 4515 916 4589 communis
935 4514 1089 4612 periculi
1099 4519 1217 4589 metus
1227 4512 1453 4611 postulabat.
1463 4513 1588 4607 Ange·

466 4639 531 4712 bat
551 4638 707 4713 omnium
727 4640 1011 4715 sollicitudinem
1030 4639 1239 4736 improvida
1259 4639 1363 4714 ducis
1384 4639 1513 4731 virtus,
1527 4636 1588 4734 qni
