<?xml version="1.0" encoding="UTF-8"?>
<!DOCTYPE html PUBLIC "-//W3C//DTD XHTML 1.0 Transitional//EN"
    "http://www.w3.org/TR/xhtml1/DTD/xhtml1-transitional.dtd">
<html xmlns="http://www.w3.org/1999/xhtml" xml:lang="en" lang="en">
 <head>
  <title>
</title>
<meta http-equiv="Content-Type" content="text/html;charset=utf-8" />
  <meta name='ocr-system' content='tesseract 3.04.00' />
  <meta name='ocr-capabilities' content='ocr_page ocr_carea ocr_par ocr_line ocrx_word'/>
</head>
<body>
  <div class='ocr_page' id='page_1' title='image "./magyarhistorija00decsgoog_0067.png"; bbox 0 0 3625 5534; ppageno 0'>
   <div class='ocr_carea' id='block_1_1' title="bbox 627 453 1301 524">
    <p class='ocr_par' dir='ltr' id='par_1_1' title="bbox 627 453 1301 524">
     <span class='ocr_line' id='line_1_1' title="bbox 627 453 1301 524; baseline -0.009 0"><span class='ocrx_word' id='word_1_1' title='bbox 627 459 666 524; x_wconf 76' lang='lat' dir='ltr'><strong>ds</strong></span> <span class='ocrx_word' id='word_1_2' title='bbox 690 455 830 524; x_wconf 81' lang='lat' dir='ltr'><strong>uusnlr.</strong></span> <span class='ocrx_word' id='word_1_3' title='bbox 1227 453 1301 518; x_wconf 85' lang='lat' dir='ltr'><strong>LIX</strong></span> 
     </span>
    </p>
   </div>
   <div class='ocr_carea' id='block_1_2' title="bbox 196 640 1367 4793">
    <p class='ocr_par' dir='ltr' id='par_1_2' title="bbox 196 640 1367 4793">
     <span class='ocr_line' id='line_1_2' title="bbox 199 640 1298 744; baseline -0.01 -19"><span class='ocrx_word' id='word_1_4' title='bbox 199 651 322 725; x_wconf 87' lang='lat' dir='ltr'><strong>ratione</strong></span> <span class='ocrx_word' id='word_1_5' title='bbox 334 645 491 744; x_wconf 89' lang='lat' dir='ltr'><strong>quadam</strong></span> <span class='ocrx_word' id='word_1_6' title='bbox 507 644 746 739; x_wconf 83' lang='lat' dir='ltr'><strong>constringat,</strong></span> <span class='ocrx_word' id='word_1_7' title='bbox 767 640 955 741; x_wconf 87' lang='lat' dir='ltr'><strong>superflua</strong></span> <span class='ocrx_word' id='word_1_8' title='bbox 962 647 1116 732; x_wconf 86' lang='lat' dir='ltr'><strong>resecet,</strong></span> <span class='ocrx_word' id='word_1_9' title='bbox 1128 640 1298 715; x_wconf 82' lang='lat' dir='ltr'><strong>delicien-</strong></span> 
     </span>
     <span class='ocr_line' id='line_1_3' title="bbox 197 768 1300 873; baseline -0.008 -23"><span class='ocrx_word' id='word_1_10' title='bbox 197 777 240 850; x_wconf 88' lang='lat' dir='ltr'><strong>tis</strong></span> <span class='ocrx_word' id='word_1_11' title='bbox 255 775 303 850; x_wconf 87' lang='lat' dir='ltr'><strong>ita</strong></span> <span class='ocrx_word' id='word_1_12' title='bbox 321 772 505 873; x_wconf 78' lang='lat' dir='ltr'>suppleat,</span> <span class='ocrx_word' id='word_1_13' title='bbox 533 779 572 848; x_wconf 90' lang='lat' dir='ltr'><strong>ut</strong></span> <span class='ocrx_word' id='word_1_14' title='bbox 600 771 748 846; x_wconf 88' lang='lat' dir='ltr'><strong>tandem</strong></span> <span class='ocrx_word' id='word_1_15' title='bbox 780 793 842 844; x_wconf 89' lang='lat' dir='ltr'><strong>ars</strong></span> <span class='ocrx_word' id='word_1_16' title='bbox 870 769 1041 867; x_wconf 84' lang='lat' dir='ltr'><strong>perfecta</strong></span> <span class='ocrx_word' id='word_1_17' title='bbox 1067 791 1113 842; x_wconf 92' lang='lat' dir='ltr'><strong>ac</strong></span> <span class='ocrx_word' id='word_1_18' title='bbox 1131 768 1300 844; x_wconf 90' lang='lat' dir='ltr'><strong>omnibus</strong></span> 
     </span>
     <span class='ocr_line' id='line_1_4' title="bbox 196 892 1300 992; baseline -0.005 -16"><span class='ocrx_word' id='word_1_19' title='bbox 196 900 340 976; x_wconf 88' lang='lat' dir='ltr'><strong>numeris</strong></span> <span class='ocrx_word' id='word_1_20' title='bbox 369 899 543 974; x_wconf 91' lang='lat' dir='ltr'><strong>absoluta</strong></span> <span class='ocrx_word' id='word_1_21' title='bbox 578 904 758 992; x_wconf 78' lang='lat' dir='ltr'><strong>emergat.</strong></span> <span class='ocrx_word' id='word_1_22' title='bbox 793 895 945 970; x_wconf 83' lang='lat' dir='ltr'><strong>Existat</strong></span> <span class='ocrx_word' id='word_1_23' title='bbox 973 893 1086 990; x_wconf 81' lang='lat' dir='ltr'><strong>igitur</strong></span> <span class='ocrx_word' id='word_1_24' title='bbox 1114 892 1250 991; x_wconf 92' lang='lat' dir='ltr'><strong>aliquis</strong></span> <span class='ocrx_word' id='word_1_25' title='bbox 1279 918 1300 970; x_wconf 92' lang='lat' dir='ltr'><strong>e</strong></span> 
     </span>
     <span class='ocr_line' id='line_1_5' title="bbox 196 1019 1300 1127; baseline -0.007 -23"><span class='ocrx_word' id='word_1_26' title='bbox 196 1025 352 1127; x_wconf 79' lang='lat' dir='ltr'>posteris,</span> <span class='ocrx_word' id='word_1_27' title='bbox 373 1025 446 1122; x_wconf 92' lang='lat' dir='ltr'><strong>qui,</strong></span> <span class='ocrx_word' id='word_1_28' title='bbox 475 1022 573 1120; x_wconf 91' lang='lat' dir='ltr'><strong>quod</strong></span> <span class='ocrx_word' id='word_1_29' title='bbox 601 1046 673 1119; x_wconf 87' lang='lat' dir='ltr'><strong>ego</strong></span> <span class='ocrx_word' id='word_1_30' title='bbox 692 1023 730 1096; x_wconf 94' lang='lat' dir='ltr'><strong>in</strong></span> <span class='ocrx_word' id='word_1_31' title='bbox 758 1019 987 1097; x_wconf 91' lang='lat' dir='ltr'><strong>recensendo</strong></span> <span class='ocrx_word' id='word_1_32' title='bbox 1006 1019 1087 1095; x_wconf 90' lang='lat' dir='ltr'><strong>iure</strong></span> <span class='ocrx_word' id='word_1_33' title='bbox 1110 1020 1300 1118; x_wconf 82' lang='lat' dir='ltr'><strong>Vngarieo</strong></span> 
     </span>
     <span class='ocr_line' id='line_1_6' title="bbox 196 1147 1300 1250; baseline -0.008 -18"><span class='ocrx_word' id='word_1_34' title='bbox 196 1157 235 1232; x_wconf 95' lang='lat' dir='ltr'><strong>ob</strong></span> <span class='ocrx_word' id='word_1_35' title='bbox 251 1153 384 1250; x_wconf 82' lang='lat' dir='ltr'><strong>ingenii</strong></span> <span class='ocrx_word' id='word_1_36' title='bbox 404 1151 620 1228; x_wconf 82' lang='lat' dir='ltr'><strong>tenuitatem</strong></span> <span class='ocrx_word' id='word_1_37' title='bbox 649 1157 686 1226; x_wconf 92' lang='lat' dir='ltr'><strong>et</strong></span> <span class='ocrx_word' id='word_1_38' title='bbox 705 1147 801 1224; x_wconf 90' lang='lat' dir='ltr'><strong>alias</strong></span> <span class='ocrx_word' id='word_1_39' title='bbox 820 1148 1045 1247; x_wconf 74' lang='lat' dir='ltr'><strong>multiplices</strong></span> <span class='ocrx_word' id='word_1_40' title='bbox 1073 1171 1209 1225; x_wconf 90' lang='lat' dir='ltr'><strong>causas</strong></span> <span class='ocrx_word' id='word_1_41' title='bbox 1227 1172 1300 1224; x_wconf 93' lang='lat' dir='ltr'><strong>non</strong></span> 
     </span>
     <span class='ocr_line' id='line_1_7' title="bbox 196 1273 1300 1380; baseline -0.007 -22"><span class='ocrx_word' id='word_1_42' title='bbox 196 1281 294 1380; x_wconf 89' lang='lat' dir='ltr'><strong>potui,</strong></span> <span class='ocrx_word' id='word_1_43' title='bbox 322 1279 360 1355; x_wconf 93' lang='lat' dir='ltr'><strong>id</strong></span> <span class='ocrx_word' id='word_1_44' title='bbox 388 1279 470 1377; x_wconf 89' lang='lat' dir='ltr'><strong>ipse</strong></span> <span class='ocrx_word' id='word_1_45' title='bbox 497 1276 680 1374; x_wconf 88' lang='lat' dir='ltr'><strong>perficiat,</strong></span> <span class='ocrx_word' id='word_1_46' title='bbox 717 1274 965 1351; x_wconf 83' lang='lat' dir='ltr'><strong>redundantia</strong></span> <span class='ocrx_word' id='word_1_47' title='bbox 1002 1273 1121 1365; x_wconf 88' lang='lat' dir='ltr'><strong>tollat,</strong></span> <span class='ocrx_word' id='word_1_48' title='bbox 1157 1274 1300 1351; x_wconf 82' lang='lat' dir='ltr'><strong>hiantia</strong></span> 
     </span>
     <span class='ocr_line' id='line_1_8' title="bbox 197 1401 1299 1506; baseline -0.005 -24"><span class='ocrx_word' id='word_1_49' title='bbox 197 1405 340 1506; x_wconf 85' lang='lat' dir='ltr'><strong>expleat,</strong></span> <span class='ocrx_word' id='word_1_50' title='bbox 379 1403 567 1480; x_wconf 90' lang='lat' dir='ltr'><strong>contraria</strong></span> <span class='ocrx_word' id='word_1_51' title='bbox 593 1402 775 1494; x_wconf 89' lang='lat' dir='ltr'><strong>conciliet,</strong></span> <span class='ocrx_word' id='word_1_52' title='bbox 812 1409 849 1476; x_wconf 93' lang='lat' dir='ltr'><strong>et</strong></span> <span class='ocrx_word' id='word_1_53' title='bbox 877 1401 1045 1478; x_wconf 90' lang='lat' dir='ltr'><strong>omuibus</strong></span> <span class='ocrx_word' id='word_1_54' title='bbox 1072 1401 1120 1476; x_wconf 90' lang='lat' dir='ltr'><strong>iis</strong></span> <span class='ocrx_word' id='word_1_55' title='bbox 1157 1404 1299 1494; x_wconf 89' lang='lat' dir='ltr'><strong>naevis,</strong></span> 
     </span>
     <span class='ocr_line' id='line_1_9' title="bbox 197 1529 1298 1634; baseline -0.005 -24"><span class='ocrx_word' id='word_1_56' title='bbox 197 1555 275 1634; x_wconf 86' lang='lat' dir='ltr'><strong>quos</strong></span> <span class='ocrx_word' id='word_1_57' title='bbox 292 1535 328 1609; x_wconf 94' lang='lat' dir='ltr'><strong>in</strong></span> <span class='ocrx_word' id='word_1_58' title='bbox 348 1533 420 1609; x_wconf 91' lang='lat' dir='ltr'><strong>hoc</strong></span> <span class='ocrx_word' id='word_1_59' title='bbox 439 1554 551 1630; x_wconf 90' lang='lat' dir='ltr'><strong>opere</strong></span> <span class='ocrx_word' id='word_1_60' title='bbox 571 1529 792 1629; x_wconf 86' lang='lat' dir='ltr'><strong>reprehendi</strong></span> <span class='ocrx_word' id='word_1_61' title='bbox 810 1551 925 1628; x_wconf 90' lang='lat' dir='ltr'><strong>posse</strong></span> <span class='ocrx_word' id='word_1_62' title='bbox 944 1531 1115 1620; x_wconf 89' lang='lat' dir='ltr'><strong>senserit,</strong></span> <span class='ocrx_word' id='word_1_63' title='bbox 1139 1530 1298 1616; x_wconf 85' lang='lat' dir='ltr'><strong>evitatis,</strong></span> 
     </span>
     <span class='ocr_line' id='line_1_10' title="bbox 196 1654 1299 1760; baseline -0.005 -23"><span class='ocrx_word' id='word_1_64' title='bbox 196 1665 287 1758; x_wconf 85' lang='lat' dir='ltr'><strong>leges</strong></span> <span class='ocrx_word' id='word_1_65' title='bbox 314 1659 456 1760; x_wconf 88' lang='lat' dir='ltr'><strong>patrias</strong></span> <span class='ocrx_word' id='word_1_66' title='bbox 477 1659 676 1734; x_wconf 90' lang='lat' dir='ltr'><strong>accedente</strong></span> <span class='ocrx_word' id='word_1_67' title='bbox 702 1656 854 1755; x_wconf 90' lang='lat' dir='ltr'><strong>publica</strong></span> <span class='ocrx_word' id='word_1_68' title='bbox 872 1654 1051 1732; x_wconf 88' lang='lat' dir='ltr'><strong>Ordinnm</strong></span> <span class='ocrx_word' id='word_1_69' title='bbox 1075 1656 1299 1732; x_wconf 86' lang='lat' dir='ltr'><strong>authoritate</strong></span> 
     </span>
     <span class='ocr_line' id='line_1_11' title="bbox 198 1783 1300 1876; baseline -0.003 -14"><span class='ocrx_word' id='word_1_70' title='bbox 198 1789 345 1864; x_wconf 91' lang='lat' dir='ltr'><strong>omnibus</strong></span> <span class='ocrx_word' id='word_1_71' title='bbox 373 1786 536 1862; x_wconf 89' lang='lat' dir='ltr'><strong>numeris</strong></span> <span class='ocrx_word' id='word_1_72' title='bbox 551 1784 759 1876; x_wconf 54' lang='lat' dir='ltr'><strong>⁴absolutas</strong></span> <span class='ocrx_word' id='word_1_73' title='bbox 790 1783 933 1860; x_wconf 89' lang='lat' dir='ltr'><strong>reddat.</strong></span> <span class='ocrx_word' id='word_1_74' title='bbox 973 1784 1079 1861; x_wconf 88' lang='lat' dir='ltr'><strong>Haeo</strong></span> <span class='ocrx_word' id='word_1_75' title='bbox 1108 1785 1203 1860; x_wconf 93' lang='lat' dir='ltr'><strong>enim</strong></span> <span class='ocrx_word' id='word_1_76' title='bbox 1227 1807 1300 1861; x_wconf 93' lang='lat' dir='ltr'><strong>non</strong></span> 
     </span>
     <span class='ocr_line' id='line_1_12' title="bbox 198 1910 1299 2012; baseline -0.004 -22"><span class='ocrx_word' id='word_1_77' title='bbox 198 1939 264 2012; x_wconf 82' lang='lat' dir='ltr'><strong>ego,</strong></span> <span class='ocrx_word' id='word_1_78' title='bbox 298 1923 337 1990; x_wconf 88' lang='lat' dir='ltr'><strong>ut</strong></span> <span class='ocrx_word' id='word_1_79' title='bbox 365 1911 590 2009; x_wconf 84' lang='lat' dir='ltr'><strong>Legislator,</strong></span> <span class='ocrx_word' id='word_1_80' title='bbox 627 1912 777 2010; x_wconf 91' lang='lat' dir='ltr'><strong>publica</strong></span> <span class='ocrx_word' id='word_1_81' title='bbox 805 1911 1027 1988; x_wconf 85' lang='lat' dir='ltr'><strong>authoritate</strong></span> <span class='ocrx_word' id='word_1_82' title='bbox 1054 1910 1299 2010; x_wconf 80' lang='lat' dir='ltr'><strong>promulgavi.</strong></span> 
     </span>
     <span class='ocr_line' id='line_1_13' title="bbox 198 2037 1296 2138; baseline -0.004 -22"><span class='ocrx_word' id='word_1_83' title='bbox 198 2045 281 2130; x_wconf 86' lang='lat' dir='ltr'><strong>(cum</strong></span> <span class='ocrx_word' id='word_1_84' title='bbox 299 2040 369 2115; x_wconf 90' lang='lat' dir='ltr'><strong>boc</strong></span> <span class='ocrx_word' id='word_1_85' title='bbox 388 2063 459 2114; x_wconf 94' lang='lat' dir='ltr'><strong>non</strong></span> <span class='ocrx_word' id='word_1_86' title='bbox 478 2039 717 2138; x_wconf 88' lang='lat' dir='ltr'><strong>privatorum,</strong></span> <span class='ocrx_word' id='word_1_87' title='bbox 738 2039 805 2114; x_wconf 89' lang='lat' dir='ltr'><strong>sed</strong></span> <span class='ocrx_word' id='word_1_88' title='bbox 822 2039 1027 2136; x_wconf 82' lang='lat' dir='ltr'><strong>principum</strong></span> <span class='ocrx_word' id='word_1_89' title='bbox 1045 2037 1207 2114; x_wconf 88' lang='lat' dir='ltr'><strong>virorum</strong></span> <span class='ocrx_word' id='word_1_90' title='bbox 1225 2060 1296 2113; x_wconf 90' lang='lat' dir='ltr'><strong>mu·</strong></span> 
     </span>
     <span class='ocr_line' id='line_1_14' title="bbox 200 2161 1300 2263; baseline -0.001 -22"><span class='ocrx_word' id='word_1_91' title='bbox 200 2191 256 2242; x_wconf 88' lang='lat' dir='ltr'><strong>nus</strong></span> <span class='ocrx_word' id='word_1_92' title='bbox 272 2191 354 2243; x_wconf 88' lang='lat' dir='ltr'><strong>esse</strong></span> <span class='ocrx_word' id='word_1_93' title='bbox 372 2161 593 2262; x_wconf 88' lang='lat' dir='ltr'><strong>sciam),sed</strong></span> <span class='ocrx_word' id='word_1_94' title='bbox 611 2173 652 2242; x_wconf 90' lang='lat' dir='ltr'><strong>ut</strong></span> <span class='ocrx_word' id='word_1_95' title='bbox 670 2163 920 2263; x_wconf 79' lang='lat' dir='ltr'><strong>Philosophus</strong></span> <span class='ocrx_word' id='word_1_96' title='bbox 939 2173 976 2240; x_wconf 90' lang='lat' dir='ltr'><strong>et</strong></span> <span class='ocrx_word' id='word_1_97' title='bbox 993 2163 1207 2263; x_wconf 88' lang='lat' dir='ltr'><strong>Sapientiae</strong></span> <span class='ocrx_word' id='word_1_98' title='bbox 1225 2173 1300 2240; x_wconf 86' lang='lat' dir='ltr'><strong>stu·</strong></span> 
     </span>
     <span class='ocr_line' id='line_1_15' title="bbox 201 2290 1300 2390; baseline -0.001 -24"><span class='ocrx_word' id='word_1_99' title='bbox 201 2293 258 2368; x_wconf 90' lang='lat' dir='ltr'><strong>diis</strong></span> <span class='ocrx_word' id='word_1_100' title='bbox 282 2291 451 2368; x_wconf 91' lang='lat' dir='ltr'><strong>addictus</strong></span> <span class='ocrx_word' id='word_1_101' title='bbox 482 2291 628 2390; x_wconf 92' lang='lat' dir='ltr'><strong>privato</strong></span> <span class='ocrx_word' id='word_1_102' title='bbox 657 2290 779 2368; x_wconf 92' lang='lat' dir='ltr'><strong>studio</strong></span> <span class='ocrx_word' id='word_1_103' title='bbox 807 2290 844 2364; x_wconf 93' lang='lat' dir='ltr'><strong>in</strong></span> <span class='ocrx_word' id='word_1_104' title='bbox 872 2313 974 2365; x_wconf 91' lang='lat' dir='ltr'><strong>meos</strong></span> <span class='ocrx_word' id='word_1_105' title='bbox 1002 2313 1048 2365; x_wconf 94' lang='lat' dir='ltr'><strong>ac</strong></span> <span class='ocrx_word' id='word_1_106' title='bbox 1065 2311 1199 2383; x_wconf 90' lang='lat' dir='ltr'><strong>eorum,</strong></span> <span class='ocrx_word' id='word_1_107' title='bbox 1238 2291 1300 2387; x_wconf 94' lang='lat' dir='ltr'><strong>qui</strong></span> 
     </span>
     <span class='ocr_line' id='line_1_16' title="bbox 202 2414 1300 2517; baseline -0.003 -24"><span class='ocrx_word' id='word_1_108' title='bbox 202 2419 420 2494; x_wconf 87' lang='lat' dir='ltr'><strong>lmdamenta</strong></span> <span class='ocrx_word' id='word_1_109' title='bbox 451 2418 542 2494; x_wconf 87' lang='lat' dir='ltr'><strong>iuris</strong></span> <span class='ocrx_word' id='word_1_110' title='bbox 568 2418 759 2515; x_wconf 88' lang='lat' dir='ltr'><strong>utriusque</strong></span> <span class='ocrx_word' id='word_1_111' title='bbox 793 2439 838 2492; x_wconf 87' lang='lat' dir='ltr'><strong>ex</strong></span> <span class='ocrx_word' id='word_1_112' title='bbox 867 2415 963 2517; x_wconf 90' lang='lat' dir='ltr'><strong>ipsis</strong></span> <span class='ocrx_word' id='word_1_113' title='bbox 989 2416 1152 2492; x_wconf 85' lang='lat' dir='ltr'><strong>fontibus</strong></span> <span class='ocrx_word' id='word_1_114' title='bbox 1188 2414 1300 2492; x_wconf 91' lang='lat' dir='ltr'><strong>animi</strong></span> 
     </span>
     <span class='ocr_line' id='line_1_17' title="bbox 203 2541 1300 2644; baseline -0.005 -23"><span class='ocrx_word' id='word_1_115' title='bbox 203 2569 297 2622; x_wconf 87' lang='lat' dir='ltr'><strong>causa</strong></span> <span class='ocrx_word' id='word_1_116' title='bbox 315 2567 540 2644; x_wconf 82' lang='lat' dir='ltr'><strong>cognoscere</strong></span> <span class='ocrx_word' id='word_1_117' title='bbox 558 2545 717 2643; x_wconf 91' lang='lat' dir='ltr'><strong>cupiunt,</strong></span> <span class='ocrx_word' id='word_1_118' title='bbox 735 2565 827 2620; x_wconf 91' lang='lat' dir='ltr'><strong>usus</strong></span> <span class='ocrx_word' id='word_1_119' title='bbox 846 2543 994 2640; x_wconf 86' lang='lat' dir='ltr'><strong>collegi.</strong></span> <span class='ocrx_word' id='word_1_120' title='bbox 1015 2541 1120 2635; x_wconf 83' lang='lat' dir='ltr'><strong>Quae</strong></span> <span class='ocrx_word' id='word_1_121' title='bbox 1139 2566 1242 2634; x_wconf 89' lang='lat' dir='ltr'><strong>sane,</strong></span> <span class='ocrx_word' id='word_1_122' title='bbox 1260 2549 1300 2618; x_wconf 94' lang='lat' dir='ltr'><strong>ut</strong></span> 
     </span>
     <span class='ocr_line' id='line_1_18' title="bbox 202 2669 1299 2770; baseline -0.002 -24"><span class='ocrx_word' id='word_1_123' title='bbox 202 2679 272 2748; x_wconf 90' lang='lat' dir='ltr'><strong>sunt</strong></span> <span class='ocrx_word' id='word_1_124' title='bbox 296 2672 521 2770; x_wconf 87' lang='lat' dir='ltr'><strong>imperfecta,</strong></span> <span class='ocrx_word' id='word_1_125' title='bbox 549 2669 725 2769; x_wconf 87' lang='lat' dir='ltr'><strong>impolita,</strong></span> <span class='ocrx_word' id='word_1_126' title='bbox 754 2693 798 2746; x_wconf 89' lang='lat' dir='ltr'><strong>ae</strong></span> <span class='ocrx_word' id='word_1_127' title='bbox 827 2672 887 2760; x_wconf 88' lang='lat' dir='ltr'><strong>(ut</strong></span> <span class='ocrx_word' id='word_1_128' title='bbox 914 2671 1194 2757; x_wconf 71' lang='lat' dir='ltr'><strong>verumtatem,</strong></span> <span class='ocrx_word' id='word_1_129' title='bbox 1218 2692 1299 2745; x_wconf 93' lang='lat' dir='ltr'><strong>cum</strong></span> 
     </span>
     <span class='ocr_line' id='line_1_19' title="bbox 202 2796 1298 2896; baseline 0.002 -24"><span class='ocrx_word' id='word_1_130' title='bbox 202 2821 363 2896; x_wconf 90' lang='lat' dir='ltr'><strong>nunquam</strong></span> <span class='ocrx_word' id='word_1_131' title='bbox 383 2797 419 2872; x_wconf 93' lang='lat' dir='ltr'><strong>in</strong></span> <span class='ocrx_word' id='word_1_132' title='bbox 439 2797 521 2874; x_wconf 85' lang='lat' dir='ltr'><strong>foro</strong></span> <span class='ocrx_word' id='word_1_133' title='bbox 550 2803 731 2884; x_wconf 88' lang='lat' dir='ltr'><strong>versatus,</strong></span> <span class='ocrx_word' id='word_1_134' title='bbox 761 2819 808 2871; x_wconf 83' lang='lat' dir='ltr'><strong>ex</strong></span> <span class='ocrx_word' id='word_1_135' title='bbox 827 2798 909 2872; x_wconf 90' lang='lat' dir='ltr'><strong>sola</strong></span> <span class='ocrx_word' id='word_1_136' title='bbox 936 2796 1081 2874; x_wconf 91' lang='lat' dir='ltr'><strong>theoria</strong></span> <span class='ocrx_word' id='word_1_137' title='bbox 1098 2797 1194 2874; x_wconf 87' lang='lat' dir='ltr'><strong>haee</strong></span> <span class='ocrx_word' id='word_1_138' title='bbox 1211 2797 1298 2874; x_wconf 87' lang='lat' dir='ltr'><strong>hau-</strong></span> 
     </span>
     <span class='ocr_line' id='line_1_20' title="bbox 201 2919 1367 3022; baseline -0.002 -22"><span class='ocrx_word' id='word_1_139' title='bbox 201 2919 307 3021; x_wconf 86' lang='lat' dir='ltr'><strong>serim)</strong></span> <span class='ocrx_word' id='word_1_140' title='bbox 334 2924 553 3022; x_wconf 87' lang='lat' dir='ltr'><strong>quibnsdam</strong></span> <span class='ocrx_word' id='word_1_141' title='bbox 581 2924 678 2999; x_wconf 86' lang='lat' dir='ltr'><strong>forte</strong></span> <span class='ocrx_word' id='word_1_142' title='bbox 706 2923 837 2999; x_wconf 89' lang='lat' dir='ltr'><strong>naevis</strong></span> <span class='ocrx_word' id='word_1_143' title='bbox 867 2924 1039 3014; x_wconf 86' lang='lat' dir='ltr'><strong>obnoxia,</strong></span> <span class='ocrx_word' id='word_1_144' title='bbox 1066 2947 1299 3022; x_wconf 91' lang='lat' dir='ltr'><strong>nequaquam</strong></span> <span class='ocrx_word' id='word_1_145' title='bbox 1361 2979 1367 2988; x_wconf 86' lang='lat'><strong>.</strong></span> 
     </span>
     <span class='ocr_line' id='line_1_21' title="bbox 201 3033 1300 3147; baseline 0.003 -26"><span class='ocrx_word' id='word_1_146' title='bbox 201 3049 276 3124; x_wconf 90' lang='lat' dir='ltr'><strong>iuris</strong></span> <span class='ocrx_word' id='word_1_147' title='bbox 292 3048 428 3147; x_wconf 80' lang='lat' dir='ltr'><strong>publici</strong></span> <span class='ocrx_word' id='word_1_148' title='bbox 455 3047 580 3125; x_wconf 84' lang='lat' dir='ltr'><strong>iacere</strong></span> <span class='ocrx_word' id='word_1_149' title='bbox 607 3049 781 3145; x_wconf 86' lang='lat' dir='ltr'><strong>cogitavi,</strong></span> <span class='ocrx_word' id='word_1_150' title='bbox 813 3073 882 3126; x_wconf 91' lang='lat' dir='ltr'><strong>nec</strong></span> <span class='ocrx_word' id='word_1_151' title='bbox 904 3057 1004 3125; x_wconf 87' lang='lat' dir='ltr'><strong>certe</strong></span> <span class='ocrx_word' id='word_1_152' title='bbox 1023 3071 1181 3146; x_wconf 89' lang='lat' dir='ltr'><strong>unquam</strong></span> <span class='ocrx_word' id='word_1_153' title='bbox 1201 3033 1300 3145; x_wconf 85' lang='lat' dir='ltr'><strong>cogi·</strong></span> 
     </span>
     <span class='ocr_line' id='line_1_22' title="bbox 198 3175 1298 3274; baseline 0.001 -26"><span class='ocrx_word' id='word_1_154' title='bbox 198 3181 329 3268; x_wconf 82' lang='lat' dir='ltr'><strong>lassam,</strong></span> <span class='ocrx_word' id='word_1_155' title='bbox 367 3175 527 3270; x_wconf 80' lang='lat' dir='ltr'><strong>cognitis</strong></span> <span class='ocrx_word' id='word_1_156' title='bbox 555 3176 777 3274; x_wconf 91' lang='lat' dir='ltr'><strong>praesertim</strong></span> <span class='ocrx_word' id='word_1_157' title='bbox 816 3177 1044 3273; x_wconf 90' lang='lat' dir='ltr'><strong>quorundam</strong></span> <span class='ocrx_word' id='word_1_158' title='bbox 1081 3199 1298 3272; x_wconf 82' lang='lat' dir='ltr'><strong>magnorum</strong></span> 
     </span>
     <span class='ocr_line' id='line_1_23' title="bbox 199 3300 1301 3402; baseline 0.004 -28"><span class='ocrx_word' id='word_1_159' title='bbox 199 3301 340 3378; x_wconf 79' lang='lat' dir='ltr'><strong>virorum</strong></span> <span class='ocrx_word' id='word_1_160' title='bbox 360 3300 540 3392; x_wconf 85' lang='lat' dir='ltr'><strong>consiliis,</strong></span> <span class='ocrx_word' id='word_1_161' title='bbox 568 3302 607 3376; x_wconf 93' lang='lat' dir='ltr'><strong>ni</strong></span> <span class='ocrx_word' id='word_1_162' title='bbox 635 3301 916 3402; x_wconf 81' lang='lat' dir='ltr'><strong>Typographus</strong></span> <span class='ocrx_word' id='word_1_163' title='bbox 946 3301 1144 3378; x_wconf 90' lang='lat' dir='ltr'><strong>Decretum</strong></span> <span class='ocrx_word' id='word_1_164' title='bbox 1175 3302 1301 3399; x_wconf 82' lang='lat' dir='ltr'><strong>Vnga·</strong></span> 
     </span>
     <span class='ocr_line' id='line_1_24' title="bbox 198 3427 1300 3528; baseline 0.001 -26"><span class='ocrx_word' id='word_1_165' title='bbox 198 3427 297 3502; x_wconf 88' lang='lat' dir='ltr'><strong>ricum</strong></span> <span class='ocrx_word' id='word_1_166' title='bbox 330 3451 529 3506; x_wconf 80' lang='lat' dir='ltr'><strong>recasurus</strong></span> <span class='ocrx_word' id='word_1_167' title='bbox 555 3451 623 3528; x_wconf 92' lang='lat' dir='ltr'><strong>pro</strong></span> <span class='ocrx_word' id='word_1_168' title='bbox 652 3451 720 3505; x_wconf 91' lang='lat' dir='ltr'><strong>sua</strong></span> <span class='ocrx_word' id='word_1_169' title='bbox 757 3428 942 3526; x_wconf 80' lang='lat' dir='ltr'><strong>singulari</strong></span> <span class='ocrx_word' id='word_1_170' title='bbox 970 3428 1009 3503; x_wconf 95' lang='lat' dir='ltr'><strong>in</strong></span> <span class='ocrx_word' id='word_1_171' title='bbox 1037 3428 1300 3527; x_wconf 88' lang='lat' dir='ltr'><strong>rempublicam</strong></span> 
     </span>
     <span class='ocr_line' id='line_1_25' title="bbox 198 3553 1302 3652; baseline 0.003 -25"><span class='ocrx_word' id='word_1_172' title='bbox 198 3553 393 3644; x_wconf 87' lang='lat' dir='ltr'><strong>literariam,</strong></span> <span class='ocrx_word' id='word_1_173' title='bbox 413 3562 524 3652; x_wconf 83' lang='lat' dir='ltr'><strong>atque</strong></span> <span class='ocrx_word' id='word_1_174' title='bbox 543 3555 635 3631; x_wconf 88' lang='lat' dir='ltr'><strong>adeo</strong></span> <span class='ocrx_word' id='word_1_175' title='bbox 654 3555 865 3631; x_wconf 88' lang='lat' dir='ltr'><strong>nniversam</strong></span> <span class='ocrx_word' id='word_1_176' title='bbox 877 3554 1036 3652; x_wconf 89' lang='lat' dir='ltr'><strong>patriam</strong></span> <span class='ocrx_word' id='word_1_177' title='bbox 1054 3555 1302 3652; x_wconf 86' lang='lat' dir='ltr'><strong>propensione</strong></span> 
     </span>
     <span class='ocr_line' id='line_1_26' title="bbox 199 3679 1301 3777; baseline 0.003 -25"><span class='ocrx_word' id='word_1_178' title='bbox 199 3701 235 3752; x_wconf 91' lang='lat' dir='ltr'><strong>ac</strong></span> <span class='ocrx_word' id='word_1_179' title='bbox 250 3679 502 3756; x_wconf 85' lang='lat' dir='ltr'><strong>benevolentia</strong></span> <span class='ocrx_word' id='word_1_180' title='bbox 528 3680 565 3754; x_wconf 91' lang='lat' dir='ltr'><strong>id</strong></span> <span class='ocrx_word' id='word_1_181' title='bbox 584 3703 626 3756; x_wconf 89' lang='lat' dir='ltr'><strong>se</strong></span> <span class='ocrx_word' id='word_1_182' title='bbox 646 3683 826 3756; x_wconf 85' lang='lat' dir='ltr'><strong>facturum</strong></span> <span class='ocrx_word' id='word_1_183' title='bbox 845 3702 936 3777; x_wconf 90' lang='lat' dir='ltr'><strong>prae</strong></span> <span class='ocrx_word' id='word_1_184' title='bbox 954 3702 997 3756; x_wconf 90' lang='lat' dir='ltr'><strong>se</strong></span> <span class='ocrx_word' id='word_1_185' title='bbox 1024 3680 1184 3758; x_wconf 86' lang='lat' dir='ltr'><strong>tulisset.</strong></span> <span class='ocrx_word' id='word_1_186' title='bbox 1216 3679 1301 3757; x_wconf 91' lang='lat' dir='ltr'><strong>Hoc</strong></span> 
     </span>
     <span class='ocr_line' id='line_1_27' title="bbox 199 3804 1299 3905; baseline 0.004 -27"><span class='ocrx_word' id='word_1_187' title='bbox 199 3804 273 3878; x_wconf 87' lang='lat' dir='ltr'><strong>mibi</strong></span> <span class='ocrx_word' id='word_1_188' title='bbox 289 3829 360 3882; x_wconf 94' lang='lat' dir='ltr'><strong>non</strong></span> <span class='ocrx_word' id='word_1_189' title='bbox 379 3805 541 3898; x_wconf 91' lang='lat' dir='ltr'><strong>ambitio,</strong></span> <span class='ocrx_word' id='word_1_190' title='bbox 570 3829 641 3882; x_wconf 89' lang='lat' dir='ltr'><strong>non</strong></span> <span class='ocrx_word' id='word_1_191' title='bbox 670 3807 761 3882; x_wconf 90' lang='lat' dir='ltr'><strong>lucri</strong></span> <span class='ocrx_word' id='word_1_192' title='bbox 790 3807 932 3905; x_wconf 92' lang='lat' dir='ltr'><strong>oupido,</strong></span> <span class='ocrx_word' id='word_1_193' title='bbox 956 3831 1029 3884; x_wconf 90' lang='lat' dir='ltr'><strong>non</strong></span> <span class='ocrx_word' id='word_1_194' title='bbox 1056 3808 1299 3882; x_wconf 90' lang='lat' dir='ltr'><strong>malesanum</strong></span> 
     </span>
     <span class='ocr_line' id='line_1_28' title="bbox 200 3929 1300 4031; baseline 0.005 -29"><span class='ocrx_word' id='word_1_195' title='bbox 200 3930 372 4008; x_wconf 86' lang='lat' dir='ltr'><strong>scribendi</strong></span> <span class='ocrx_word' id='word_1_196' title='bbox 401 3931 597 4008; x_wconf 88' lang='lat' dir='ltr'><strong>cacoethes</strong></span> <span class='ocrx_word' id='word_1_197' title='bbox 626 3932 822 4030; x_wconf 84' lang='lat' dir='ltr'><strong>persuasit,</strong></span> <span class='ocrx_word' id='word_1_198' title='bbox 851 3933 918 4009; x_wconf 91' lang='lat' dir='ltr'><strong>sed</strong></span> <span class='ocrx_word' id='word_1_199' title='bbox 938 3931 1077 4031; x_wconf 89' lang='lat' dir='ltr'><strong>quode</strong></span> <span class='ocrx_word' id='word_1_200' title='bbox 1096 3929 1300 4009; x_wconf 83' lang='lat' dir='ltr'><strong>Germania</strong></span> 
     </span>
     <span class='ocr_line' id='line_1_29' title="bbox 199 4059 1301 4152; baseline 0.007 -21"><span class='ocrx_word' id='word_1_201' title='bbox 199 4079 357 4136; x_wconf 82' lang='lat' dir='ltr'><strong>reversus</strong></span> <span class='ocrx_word' id='word_1_202' title='bbox 379 4059 461 4134; x_wconf 88' lang='lat' dir='ltr'><strong>sine</strong></span> <span class='ocrx_word' id='word_1_203' title='bbox 479 4059 570 4135; x_wconf 87' lang='lat' dir='ltr'><strong>meis</strong></span> <span class='ocrx_word' id='word_1_204' title='bbox 590 4083 678 4135; x_wconf 90' lang='lat' dir='ltr'><strong>vere</strong></span> <span class='ocrx_word' id='word_1_205' title='bbox 697 4061 868 4137; x_wconf 88' lang='lat' dir='ltr'><strong>fidelibus</strong></span> <span class='ocrx_word' id='word_1_206' title='bbox 897 4062 1135 4152; x_wconf 86' lang='lat' dir='ltr'><strong>consiliariis,</strong></span> <span class='ocrx_word' id='word_1_207' title='bbox 1154 4065 1225 4139; x_wconf 89' lang='lat' dir='ltr'><strong>hoo</strong></span> <span class='ocrx_word' id='word_1_208' title='bbox 1242 4071 1301 4139; x_wconf 90' lang='lat' dir='ltr'><strong>est</strong></span> 
     </span>
     <span class='ocr_line' id='line_1_30' title="bbox 199 4183 1299 4285; baseline 0.007 -29"><span class='ocrx_word' id='word_1_209' title='bbox 199 4183 297 4276; x_wconf 77' lang='lat' dir='ltr'><strong>libris,</strong></span> <span class='ocrx_word' id='word_1_210' title='bbox 317 4187 473 4285; x_wconf 91' lang='lat' dir='ltr'><strong>quosibi</strong></span> <span class='ocrx_word' id='word_1_211' title='bbox 491 4187 603 4263; x_wconf 87' lang='lat' dir='ltr'><strong>certis</strong></span> <span class='ocrx_word' id='word_1_212' title='bbox 614 4187 659 4264; x_wconf 91' lang='lat' dir='ltr'><strong>de</strong></span> <span class='ocrx_word' id='word_1_213' title='bbox 678 4189 802 4264; x_wconf 90' lang='lat' dir='ltr'><strong>causis</strong></span> <span class='ocrx_word' id='word_1_214' title='bbox 820 4187 1097 4285; x_wconf 85' lang='lat' dir='ltr'><strong>reliqueramus,</strong></span> <span class='ocrx_word' id='word_1_215' title='bbox 1116 4189 1299 4285; x_wconf 79' lang='lat' dir='ltr'><strong>integrum</strong></span> 
     </span>
     <span class='ocr_line' id='line_1_31' title="bbox 198 4309 1300 4410; baseline 0.011 -28"><span class='ocrx_word' id='word_1_216' title='bbox 198 4309 422 4388; x_wconf 77' lang='lat' dir='ltr'><strong>lemannum</strong></span> <span class='ocrx_word' id='word_1_217' title='bbox 450 4311 510 4387; x_wconf 88' lang='lat' dir='ltr'><strong>hic</strong></span> <span class='ocrx_word' id='word_1_218' title='bbox 537 4313 757 4409; x_wconf 83' lang='lat' dir='ltr'><strong>transigere,</strong></span> <span class='ocrx_word' id='word_1_219' title='bbox 793 4312 1111 4410; x_wconf 85' lang='lat' dir='ltr'><strong>familiaribusque</strong></span> <span class='ocrx_word' id='word_1_220' title='bbox 1137 4336 1300 4394; x_wconf 89' lang='lat' dir='ltr'><strong>meorum</strong></span> 
     </span>
     <span class='ocr_line' id='line_1_32' title="bbox 199 4437 1300 4552; baseline 0.013 -45"><span class='ocrx_word' id='word_1_221' title='bbox 199 4456 298 4552; x_wconf 88' lang='lat' dir='ltr'><strong>nuper</strong></span> <span class='ocrx_word' id='word_1_222' title='bbox 316 4463 338 4514; x_wconf 90' lang='lat' dir='ltr'><strong>e</strong></span> <span class='ocrx_word' id='word_1_223' title='bbox 358 4437 494 4515; x_wconf 92' lang='lat' dir='ltr'><strong>ditione</strong></span> <span class='ocrx_word' id='word_1_224' title='bbox 514 4463 558 4515; x_wconf 89' lang='lat' dir='ltr'><strong>ac</strong></span> <span class='ocrx_word' id='word_1_225' title='bbox 575 4440 770 4538; x_wconf 86' lang='lat' dir='ltr'><strong>tyrannide</strong></span> <span class='ocrx_word' id='word_1_226' title='bbox 784 4439 946 4516; x_wconf 84' lang='lat' dir='ltr'><strong>Turoioa</strong></span> <span class='ocrx_word' id='word_1_227' title='bbox 963 4439 1173 4538; x_wconf 89' lang='lat' dir='ltr'><strong>elapsorum</strong></span> <span class='ocrx_word' id='word_1_228' title='bbox 1186 4443 1300 4521; x_wconf 89' lang='lat' dir='ltr'><strong>rebus</strong></span> 
     </span>
     <span class='ocr_line' id='line_1_33' title="bbox 200 4564 1299 4662; baseline 0.015 -30"><span class='ocrx_word' id='word_1_229' title='bbox 200 4581 333 4658; x_wconf 85' lang='lat' dir='ltr'><strong>operam</strong></span> <span class='ocrx_word' id='word_1_230' title='bbox 346 4564 435 4640; x_wconf 91' lang='lat' dir='ltr'><strong>dare</strong></span> <span class='ocrx_word' id='word_1_231' title='bbox 445 4573 595 4642; x_wconf 90' lang='lat' dir='ltr'><strong>coactus</strong></span> <span class='ocrx_word' id='word_1_232' title='bbox 614 4568 755 4643; x_wconf 84' lang='lat' dir='ltr'><strong>luerim.</strong></span> <span class='ocrx_word' id='word_1_233' title='bbox 782 4569 828 4642; x_wconf 92' lang='lat' dir='ltr'><strong>ln</strong></span> <span class='ocrx_word' id='word_1_234' title='bbox 846 4567 917 4642; x_wconf 89' lang='lat' dir='ltr'><strong>hoo</strong></span> <span class='ocrx_word' id='word_1_235' title='bbox 935 4589 1007 4662; x_wconf 80' lang='lat' dir='ltr'><strong>ego</strong></span> <span class='ocrx_word' id='word_1_236' title='bbox 1027 4567 1149 4646; x_wconf 91' lang='lat' dir='ltr'><strong>studio</strong></span> <span class='ocrx_word' id='word_1_237' title='bbox 1160 4569 1194 4644; x_wconf 88' lang='lat' dir='ltr'><strong>si</strong></span> <span class='ocrx_word' id='word_1_238' title='bbox 1204 4569 1299 4647; x_wconf 88' lang='lat' dir='ltr'><strong>utili·</strong></span> 
     </span>
     <span class='ocr_line' id='line_1_34' title="bbox 200 4690 1298 4793; baseline 0.012 -31"><span class='ocrx_word' id='word_1_239' title='bbox 200 4691 296 4766; x_wconf 83' lang='lat' dir='ltr'><strong>lrtem</strong></span> <span class='ocrx_word' id='word_1_240' title='bbox 314 4690 470 4792; x_wconf 86' lang='lat' dir='ltr'><strong>patriae,</strong></span> <span class='ocrx_word' id='word_1_241' title='bbox 491 4691 655 4792; x_wconf 86' lang='lat' dir='ltr'><strong>adquam</strong></span> <span class='ocrx_word' id='word_1_242' title='bbox 676 4693 789 4769; x_wconf 90' lang='lat' dir='ltr'><strong>veluti</strong></span> <span class='ocrx_word' id='word_1_243' title='bbox 799 4715 1020 4793; x_wconf 88' lang='lat' dir='ltr'><strong>cynosuram</strong></span> <span class='ocrx_word' id='word_1_244' title='bbox 1040 4696 1162 4776; x_wconf 92' lang='lat' dir='ltr'><strong>omnia</strong></span> <span class='ocrx_word' id='word_1_245' title='bbox 1170 4695 1298 4793; x_wconf 84' lang='lat' dir='ltr'><strong>direxi,</strong></span> 
     </span>
    </p>
   </div>
   <div class='ocr_carea' id='block_1_3' title="bbox 0 0 1821 5534">
    <p class='ocr_par' dir='ltr' id='par_1_3' title="bbox 0 0 1821 5534">
     <span class='ocr_line' id='line_1_35' title="bbox 0 0 1821 5534; baseline 0 0"><span class='ocrx_word' id='word_1_246' title='bbox 0 0 1821 5534; x_wconf 95' lang='lat' dir='ltr'><strong> </strong></span> 
     </span>
    </p>
   </div>
  </div>
 </body>
</html>
