3625 5534
457 455 540 532 104
863 475 915 527 1o.
935 472 1037 524 naon
1054 473 1128 523 aar
1140 472 1218 522 ovn

456 654 585 728 salvos
605 649 752 724 dimisit.
772 648 835 724 Illi
854 671 900 721 ex
920 654 1023 721 tanto
1043 645 1174 719 mortis
1192 647 1359 743 periculo
1379 645 1416 719 in
1436 646 1589 720 liberta-

457 788 529 853 tem
551 776 699 866 asserti,
719 731 877 871 coepere
896 771 1090 846 confestim
1105 770 1389 847 ‘audacissimos
1410 794 1590 869 quosque.

457 914 495 980 et
512 904 677 1004 praedae
705 900 955 989 avidissimos,
974 899 1023 972 ad
1048 899 1279 974 inferendam
1299 899 1483 974 Barbaris
1514 900 1588 972 vim

456 1031 621 1105 allicere.
641 1031 701 1104 Ita
719 1034 916 1125 postquam
936 1025 1083 1114 ducenti
1110 1025 1228 1099 ferme
1256 1025 1415 1124 primurn
1434 1024 1592 1100 Rascia·

456 1180 596 1246 norum,
616 1179 661 1228 ao
677 1153 929 1228 Valachornm
951 1175 998 1225 ex
1023 1150 1161 1225 ditione
1180 1152 1485 1250 Transylvanica
1501 1175 1590 1226 con-

455 1282 669 1357 venissent:
687 1279 850 1378 periculo
870 1278 1041 1352 fortunae
1050 1278 1160 1368 facto,
1171 1278 1313 1375 aliquot
1323 1277 1484 1353 castella
1495 1279 1591 1352 'l‘nr-

456 1431 592 1500 carum,
611 1404 733 1480 caesis
752 1427 878 1479 eorum
897 1403 1123 1494 custodibus,
1135 1403 1334 1502 diripuere.
1354 1405 1445 1478 Inde
1457 1403 1591 1478 animis

456 1533 643 1608 hominum
660 1532 830 1605 fortunae
850 1551 1027 1604 successu
1048 1529 1169 1622 elatis,
1190 1553 1347 1629 coepere
1366 1531 1403 1604 in
1421 1530 1589 1604 dicama-

457 1659 519 1755 gis
549 1667 659 1754 atque
680 1657 799 1752 magis
819 1656 948 1754 copias
968 1676 1114 1748 cogere,
1134 1663 1171 1729 et
1188 1655 1226 1729 ni
1246 1677 1331 1730 sese
1347 1655 1442 1755 ipsis
1462 1655 1589 1730 adinn-

457 1789 599 1880 gcrent,
617 1787 773 1857 mortem
799 1779 978 1872 omnibus,
1007 1778 1381 1877 confiscationemqne
1406 1782 1588 1856 bonorum

458 1909 632 1985 minitari.
653 1907 725 1998 Illi,
745 1914 785 1982 nt
802 1915 966 1998 mortem,
977 1906 1279 2004 fortunarumque
1290 1929 1439 1982 suarum
1461 1904 1591 1979 discri-

460 2059 544 2110 men
572 2033 786 2128 effugerent,
805 2031 954 2106 nomina
974 2033 1092 2107 coacti
1112 2031 1212 2122 darc,
1238 2055 1283 2106 ac
1302 2055 1344 2107 se
1363 2032 1439 2106 illis
1460 2031 1589 2107 adiun-

457 2182 557 2256 gere.
578 2160 637 2233 Ita
654 2163 898 2256 posteaquam
929 2156 977 2230 ad
1006 2156 1077 2230 dno
1102 2155 1218 2231 millia
1237 2156 1383 2230 circiter
1402 2157 1591 2232 hominurn

458 2287 631 2375 coissent,
649 2283 820 2358 nuncium
837 2281 964 2380 palam
983 2281 1031 2356 ad
1049 2281 1283 2357 Praefectum
1301 2263 1591 2359 Beczkerelren·

457 2434 536 2486 sem
555 2410 783 2500 (Vaivcdam
802 2409 875 2507 ipsi
885 2409 1198 2500 vocitabant)‚uti
1216 2411 1385 2507 sequenti
1406 2411 1465 2484 die
1487 2410 1589 2484 sead

457 2536 639 2634 praelium
657 2535 880 2628 accingeret,
901 2534 1048 2609 misere.
1067 2535 1126 2608 Ea
1145 2558 1186 2609 re
1206 2535 1357 2632 cognita
1368 2535 1590 2610 Praefectus

458 2662 551 2735 duos
571 2661 764 2735 confestim
784 2683 832 2734 er
851 2659 931 2733 suis
952 2659 1115 2755 ablegat,
1142 2682 1252 2734 unum
1283 2661 1456 2752 Tarsam,
1477 2661 1591 2734 alium

455 2788 669 2883 Vngarum,
706 2793 747 2860 ut
782 2785 809 2859 ii
845 2783 1007 2860 hostium
1045 2786 1175 2884 copias
1212 2787 1316 2860 iuxta
1353 2794 1465 2883 atque
1504 2785 1588 2860 ani·

457 2935 553 2987 mnrn
582 2912 832 3008 explorarent.
862 2911 989 2985 Turca
1024 2917 1164 2986 mutato
1192 2909 1321 2986 habitu
1349 2911 1519 2986 comitem
1550 2937 1591 2990 se

458 3036 613 3134 Vngaro
633 3035 786 3128 addens,
823 3036 937 3110 rebus
969 3036 1137 3111 omnibus
1156 3035 1317 3110 hostium
1337 3045 1397 3112 sat
1415 3041 1591 3137 explora·

457 3162 519 3256 tis,
539 3164 591 3239 ita
609 3179 688 3236 rem
706 3159 905 3235 Praefecto
925 3160 1050 3250 refert,
1078 3159 1133 3234 uti
1161 3160 1239 3234 suis
1259 3160 1402 3236 animos
1422 3161 1592 3256 adderet,

457 3297 496 3362 et
513 3287 626 3362 facile
644 3285 691 3360 iis
709 3285 837 3362 resisti
863 3306 976 3383 posse
1005 3285 1246 3380 significaret.
1281 3284 1460 3384 Vnganrs
1485 3311 1591 3383 vero,

457 3411 542 3486 dum
560 3433 733 3506 magnum
753 3433 839 3485 esse
857 3409 1216 3492 hostiumnnmerum
1234 3409 1383 3506 indicat,
1403 3413 1589 3511 prodente

458 3559 540 3611 cum
558 3534 827 3634 explorationis
845 3536 987 3628 comite,
1016 3559 1147 3634 parum
1176 3537 1322 3612 omnino
1346 3537 1476 3630 abfuit,
1499 3541 1591 3637 quin

454 3685 479 3737 a
498 3660 694 3737 Praefecto
730 3659 1011 3752 interficeretur,
1050 3661 1149 3757 quod
1174 3685 1305 3760 parum
1332 3663 1481 3760 integra
1515 3663 1592 3742 fide

454 3810 532 3863 rern
551 3810 750 3887 exponere,
769 3785 982 3883 militesque
994 3794 1137 3863 terrere
1150 3788 1346 3866 videretur.
1367 3788 1589 3867 Praefectus

454 3913 578 4008 igitur,
598 3933 757 4011 sperans
776 3911 950 4011 oppidum
971 3913 1099 4009 Bagou
1110 3901 1222 3988 fluvio
1237 3922 1298 3989 sat
1307 3915 1483 3990 munitum
1492 3917 1589 4010 fore,

458 4035 639 4135 pensilem
659 4035 696 4110 in
715 4042 828 4135 ponte
855 4043 1002 4132 portam
1030 4037 1178 4132 extruit,
1208 4061 1361 4136 eamque
1389 4045 1589 4120 tormentis

455 4165 616 4261 undique
636 4164 782 4239 bellicis
801 4164 927 4255 munit,
946 4172 984 4239 et
1003 4166 1124 4239 accita
1142 4189 1188 4240 ex
1207 4166 1371 4242 finitimis
1381 4169 1494 4267 pagis
1514 4193 1591 4246 non

455 4290 592 4387 exigna
610 4291 797 4366 hominnm
828 4290 1032 4386 agrestium
1061 4315 1181 4386 mann,
1210 4293 1415 4368 custodiam
1434 4296 1585 4394 oppido,

455 4439 563 4513 qnam
582 4417 781 4491 maximam
801 4421 937 4515 potest,
957 4415 1072 4514 ponit.
1094 4415 1170 4493 Vix
1189 4418 1282 4493 haec
1292 4419 1385 4494 satis
1396 4423 1588 4498 commode

456 4542 702 4640 disposuerat,
720 4563 801 4617 cnm
821 4563 908 4616 ecce
927 4542 1107 4640 postridie
1126 4542 1369 4620 Pentecostes
1389 4545 1459 4620 sub
1479 4549 1590 4623 meri,

455 4666 563 4759 diem,
601 4690 672 4764 quo
700 4666 878 4768 temporis
906 4667 1062 4746 articulo
1092 4689 1133 4745 se
1161 4679 1338 4750 venturos
1367 4674 1589 4774 pronuncia·-
