3625 5534
502 560 579 640 308
926 582 972 632 re.
993 585 1092 634 uncrr
1111 583 1257 634 aaaron

501 785 584 838 esse
604 759 724 851 officii,
756 781 836 834 eam
863 757 971 832 huius
999 761 1209 857 provinciae
1237 779 1360 832 curam
1388 754 1537 846 habere,
1564 779 1605 830 ne

449 918 452 924 ¹
501 887 586 987 quid
603 887 682 960 iure
699 886 738 959 in
757 909 802 959 ea
821 884 1026 959 desiderari
1044 886 1173 983 possit.
1194 886 1287 959 Eam
1306 881 1401 957 enirn
1413 904 1496 956 esse
1508 878 1606 954 huius

390 1000 392 1004 ¹
499 1011 711 1113 provinciae
730 1009 946 1105 dignitatem
976 1033 1092 1106 eaque
1112 1007 1192 1084 c'um
1211 1009 1320 1085 laude
1340 1029 1489 1107 operam
1509 1030 1606 1082 suam

499 1141 598 1216 bello
619 1136 777 1213 Turcico
795 1158 967 1222 navasse,
987 1158 1169 1234 porroque
1188 1144 1406 1210 navaturam
1436 1154 1541 1221 esse,
1571 1141 1607 1207 ut

499 1266 589 1342 nulli
616 1264 728 1340 totius
766 1261 866 1336 orbis
893 1269 1074 1336 terrarum
1098 1261 1256 1358 Regiani
1285 1261 1333 1335 sit
1363 1240 1439 1336 ullo
1468 1260 1607 1334 nomine

499 1392 670 1469 secunda.
697 1388 770 1463 His
798 1389 892 1463 ultro
913 1388 1077 1484 citroque
1106 1387 1242 1464 lrabitis
1271 1387 1521 1478 sermonibus,
1557 1409 1608 1460 ro·

498 1515 646 1616 spondit
654 1512 801 1613 publico
811 1512 954 1588 nomine
965 1509 1142 1588 Ordinum
1161 1511 1287 1610 Regni-
1300 1512 1516 1588 Demetrius
1536 1511 1570 1586 N
1573 1536 1608 1586 a·

497 1642 650 1743 pragins
660 1640 870 1739 Episcopus
885 1648 995 1736 atque
1002 1637 1255 1716 Oancellarius
1266 1667 1274 1713 :
1285 1660 1419 1734 magno
1439 1660 1520 1712 cum
1539 1637 1611 1713 ani-

497 1771 546 1844 mi
573 1769 699 1844 dolore
727 1768 896 1865 accipere
929 1764 1090 1843 Ordines
1110 1767 1388 1843 valedictionem
1413 1763 1608 1862 Principis,

498 1920 601 1994 quem
613 1897 685 1995 ipsi
696 1895 1116 1987 utfiliumenutriveriut
1127 1904 1238 1993 utque
1256 1905 1400 1994 patrem
1420 1893 1609 1968 coluerint.

498 2024 572 2101 Sed
590 2047 699 2122 quum
717 2046 790 2098 uon
810 2023 940 2097 deceat
958 2023 1145 2120 sapientes
1159 2024 1238 2098 eius
1252 2022 1413 2097 rationes
1424 2028 1608 2110 excutere,

496 2176 541 2226 ac
557 2149 731 2248 liquidius
749 2149 943 2246 inquirere,
974 2171 1015 2222 se
1044 2148 1187 2244 gratias
1215 2148 1249 2222 ei
1277 2171 1345 2246 pro
1364 2154 1522 2244 paterna
1540 2169 1606 2242 gu·

497 2278 711 2354 bernatione
736 2298 860 2371 agere,
887 2275 1103 2372 veniamque
1131 2297 1276 2351 suorum
1305 2283 1510 2350 erratorum
1529 2296 1608 2372 pre-

494 2406 582 2495 cari,
601 2429 646 2479 ac
673 2426 745 2478 non
773 2404 891 2478 solum
919 2411 1132 2500 perpetuam
1162 2403 1240 2478 eius
1268 2402 1479 2488 memoriam
1500 2409 1609 2497 grata

492 2539 612 2606 mente
631 2530 790 2605 retinere
804 2525 912 2621 velle,
932 2527 998 2602 serl
1017 2528 1136 2602 Deum
1156 2550 1299 2626 quoque
1319 2535 1490 2619 orarent
1505 2525 1607 2601 Prin·

493 2657 585 2755 cipis
614 2663 781 2742 mentem,
809 2653 963 2729 consilia
991 2654 1222 2730 coactiones
1251 2676 1377 2731 omnes
1405 2654 1605 2730 elementer

492 2789 611 2877 regat,
626 2788 736 2877 atque
747 2780 936 2875 gubernet.
957 2777 1135 2878 Princeps
1146 2780 1316 2856 adhaec:
1335 2780 1537 2870 Hactenus,
1556 2783 1602 2858 in·

492 2907 579 3006 quit,
602 2907 782 3006 Princeps
801 2905 906 2982 vobis
926 2914 1035 3003 atque
1053 2907 1233 2982 Dominus
1253 2905 1524 2986 haereditarius
1543 2933 1603 2986 ex·

489 3036 562 3112 titi:
580 3036 815 3134 imposterum
832 3056 905 3108 nou
916 3057 973 3109 me
983 3033 1178 3108 Dominum
1192 3057 1236 3110 ao
1254 3034 1381 3110 herum
1399 3035 1519 3130 vobis,
1538 3037 1604 3114 seri

489 3164 705 3238 benevolum
736 3169 847 3258 atque
874 3160 1161 3236 amantissimum
1187 3162 1340 3237 fratrem
1367 3173 1478 3259 atque
1515 3167 1603 3240 ami·

490 3316 570 3367 cum
589 3314 734 3389 semper
752 3298 790 3365 et
806 3289 941 3386 ubique
968 3289 1047 3364 lore
1074 3287 1258 3388 profiteor.
1296 3287 1336 3366 Si
1364 3289 1451 3388 quid
1478 3301 1537 3368 est
1566 3294 1602 3367 in

491 3440 561 3515 quo
584 3417 692 3491 vobis
718 3415 901 3491 universis
929 3439 974 3489 ac
1001 3415 1157 3512 singulis
1186 3439 1233 3491 ex
1256 3417 1367 3491 animi
1386 3417 1502 3494 vestri
1521 3441 1601 3495 sen·
1724 3514 1725 3525 Ν

490 3544 607 3620 tentia
625 3541 854 3640 gratilimtus
873 3565 966 3635 sum,
984 3567 1027 3618 ac
1044 3544 1188 3642 publice
1206 3541 1267 3618 vel
1281 3543 1453 3643 privatim
1470 3547 1602 3644 profui,
1723 3603 1724 3620 i

488 3679 547 3747 est
565 3669 661 3766 quod
679 3677 717 3744 et
734 3691 804 3764 ego
814 3669 902 3742 mihi
913 3669 1076 3766 gratuler
1086 3677 1124 3744 et
1141 3691 1208 3744 vos
1221 3668 1357 3746 illustri
1367 3670 1491 3768 gratia
1503 3673 1600 3747 exci-

486 3797 609 3897 piatis.
629 3793 695 3871 Sin
713 3817 802 3870 vero
822 3795 1227 3892 quidcommissumest,
1248 3803 1397 3872 vestrae
1410 3801 1603 3896 estnequi·

485 3922 574 3997 tatis
593 3920 630 3997 id
649 3930 762 3998 toturn
779 3921 867 3995 milri
886 3921 1105 3997 condonare.
1124 3922 1230 3998 Haeo
1247 3944 1327 3996 oum
1342 3922 1509 4018 dixisset,
1528 3949 1602 4002 non

487 4069 596 4124 secus
615 4049 781 4123 omuibus
810 4056 921 4147 atque
950 4047 1070 4125 vivam
1098 4049 1177 4124 eius
1205 4051 1430 4148 sepulturam
1458 4050 1600 4148 ingenti
1717 4137 1718 4140 p

488 4174 614 4250 dolore
632 4183 743 4273 atque
763 4175 1344 4274 deplorationeprosequentibus,
1363 4199 1599 4275 aounnquam

490 4301 646 4400 amplius
664 4300 787 4377 vivum
806 4327 887 4378 eum
908 4304 1053 4380 visuros
1071 4327 1163 4404 prae
1182 4303 1294 4380 nimia
1311 4303 1495 4380 moestitia
1505 4304 1598 4380 ario·
1715 4309 1716 4312 ‘

484 4427 657 4516 lantibus,
676 4426 832 4527 ipsemet
849 4451 993 4526 quoque
1012 4429 1187 4530 lacrymis
1198 4431 1360 4526 obrutus,
1380 4430 1418 4504 in
1434 4431 1597 4506 intimum

486 4554 660 4630 conclave
678 4577 720 4629 se
739 4556 889 4653 recepit.
1014 4553 1018 4564 '
