3625 5534
485 489 532 540 nu
552 489 632 542 nnn.
651 489 736 540 vno.
762 488 843 539 unc.
859 489 896 540 x.
916 490 951 540 n.
973 489 1048 540 vnr.
1271 465 1347 544 175

218 662 336 758 aditu,
354 664 470 762 longe
490 663 768 762 quamcredere
788 665 972 762 potuisset
982 664 1240 741 amoeniorem.
1250 666 1341 742 Pro·

219 790 348 887 gressi
369 790 407 865 in
426 813 616 867 occursum
638 791 717 868 eius
735 790 883 866 ordines
903 791 1065 868 civitatis
1089 790 1345 892 splendidissi-

221 939 282 991 me
300 917 421 992 ornati
445 918 590 1014 magnis
618 918 812 1017 plausibus
831 942 913 994 eam
931 918 1127 1018 excipiunt,
1147 927 1185 995 et
1212 944 1343 1020 excep-

218 1051 297 1118 tam
333 1043 371 1117 in
407 1044 534 1121 urbem
563 1067 667 1120 suam
694 1043 938 1138 introducunt,
968 1045 1071 1122 ouius
1099 1045 1173 1123 iam
1200 1046 1342 1146 pridem

218 1170 314 1262 fora,
335 1171 568 1271 compitisque
595 1171 776 1266 tricliniis,
805 1195 852 1247 ac
868 1170 1021 1248 floribus
1043 1173 1212 1273 omnique
1239 1174 1341 1251 festi-

217 1297 350 1373 vitatis
387 1321 527 1396 genere
563 1299 909 1376 condecoraverant
957 1298 1016 1376 lbi
1052 1301 1200 1376 biduum
1248 1323 1342 1376 com-

216 1431 376 1518 morata,
404 1423 579 1520 Turdam,
607 1450 653 1501 ac
678 1427 763 1502 inde
788 1427 1020 1525 Enyedinum
1038 1428 1284 1527 progreditur,
1305 1436 1343 1504 et

214 1551 302 1649 pari
320 1551 456 1650 ubique
475 1553 619 1652 plausu,
639 1577 684 1629 ac
702 1554 853 1652 publica
871 1577 953 1629 cum
977 1553 1122 1630 laetitia
1149 1555 1340 1654 excipitur.

216 1673 400 1778 Princeps
419 1701 543 1755 morae
562 1678 769 1778 impatiens,
789 1703 861 1779 quo
880 1703 985 1756 suam
1004 1680 1042 1755 in
1070 1680 1340 1779 optatissimam

213 1825 369 1879 uxorem
388 1806 617 1882 affectionem
636 1806 852 1900 declararet,
862 1807 992 1907 paucis
1007 1829 1130 1884 secum
1149 1831 1339 1884 enumero

212 1929 453 2009 familiarium
473 1935 674 2034 assumptis
694 1937 786 2032 (quo
812 1934 895 2033 ipso
922 1941 1088 2032 tempore
1117 1941 1241 2010 einos
1261 1957 1338 2009 oar-
1412 1976 1415 1983 ι

213 2079 299 2132 men
318 2058 491 2146 votivum,
510 2060 740 2137 verissimam
767 2060 914 2137 futurae
934 2060 979 2135 de
1003 2060 1137 2136 Turcis
1158 2061 1352 2156 victoriae¹

213 2182 490 2280 divinationem,
509 2187 644 2263 illustri
654 2211 734 2262 cum
745 2187 824 2264 eius
843 2188 967 2283 gratia
987 2242 1173 2261 ......
1194 2187 1228 2262 ei
1247 2186 1334 2262 iam·

211 2309 286 2385 iam
315 2335 514 2389 accessura
542 2337 666 2390 coram
694 2309 905 2412 obtulimus)
933 2313 1165 2411 Enyedinum
1184 2313 1231 2387 ad
1251 2335 1331 2386 eam

211 2438 382 2532 accurrit,
414 2439 539 2538 ibique
577 2441 768 2516 celebrata
804 2438 1008 2515 festivitate
1047 2446 1333 2538 extemporanea

210 2561 342 2639 eadem
371 2588 501 2642 rursus
528 2573 635 2641 nocte
663 2566 781 2642 rediit
811 2564 887 2641 Sed
915 2573 953 2641 et
972 2564 1119 2664 Sponsa
1150 2566 1331 2663 postridie

210 2688 451 2768 'Ptivissinum
478 2715 682 2792 progressa
710 2701 787 2787 est,
826 2693 879 2769 ibi
908 2719 956 2770 en
985 2692 1187 2791 composito
1224 2702 1330 2768 nocte

208 2818 383 2895 baducta
410 2815 592 2918 Sponsum
612 2819 684 2896 sibi
704 2826 956 2897 occurrentem
976 2826 1176 2917 expectare
1190 2819 1329 2895 statuit

208 2943 391 3043 Princeps
410 2945 517 3022 simul
537 2969 581 3020 ac
600 2944 759 3023 diluculo
787 2945 916 3044 primo,
938 2945 1121 3046 Sponsam
1148 2945 1219 3021 iter
1248 2968 1329 3022 coe-

207 3071 312 3168 pisse
350 3073 533 3170 cognovit
564 3080 602 3147 et
628 3073 677 3147 ad
695 3097 804 3149 unum
823 3073 982 3172 lapidem
1002 3072 1148 3148 circiter
1166 3073 1250 3148 urbi
1267 3097 1329 3170 ap-

205 3198 480 3297 propinquasse
499 3199 652 3298 acoepit,
672 3223 752 3276 cum
782 3199 962 3296 singulari
989 3221 1125 3298 pompa
1153 3205 1191 3273 et
1218 3196 1328 3274 bono

205 3324 478 3401 riticentissimo
506 3324 703 3402 Procerum
728 3325 895 3424 equitatu
915 3324 1109 3402 confestim
1137 3325 1172 3400 ei
1200 3348 1325 3403 occor-

205 3451 263 3527 rit
275 3449 529 3529 Praemiserat
547 3451 717 3554 Sponsae
734 3461 948 3553 carpentum
967 3460 1146 3546 auratum,
1157 3453 1325 3552 etsplen-

204 3577 398 3654 didiscime
434 3579 601 3656 omnibus
627 3581 796 3680 partibus
823 3603 868 3656 ac
896 3579 1058 3655 numeris
1090 3578 1323 3654 absolutissi-

203 3728 313 3800 mum,
333 3729 380 3780 ex
399 3728 471 3802 quo
491 3705 772 3783 descendentem
792 3707 973 3804 virginem
992 3705 1124 3782 hilaris
1143 3704 1323 3804 Princeps

201 3855 271 3930 pro
290 3831 481 3929 utriusque
501 3833 683 3931 dignitate
701 3834 856 3934 excepit,
876 3842 914 3911 et
940 3841 1135 3932 postquam
1162 3839 1321 3907 mutuam

201 3959 273 4035 sibi
293 3945 452 4034 salutern
470 3960 662 4054 dixissent,
682 3969 719 4037 ot
737 3984 928 4038 sermones
947 3959 1126 4059 quosdam
1143 3958 1241 4034 ultro
1256 3959 1321 4032 cit·

200 4109 318 4184 roque
346 4085 581 4181 habuissent,
628 4088 761 4164 iunctis
799 4086 1006 4186 agminibus
1035 4083 1319 4161 Albam-Iuliam

200 4213 400 4289 advenere.
422 4213 465 4288 Id
485 4238 576 4290 vero
585 4221 688 4290 tanto
708 4237 787 4290 oum
807 4215 1022 4313 populorum
1041 4211 1175 4310 plausu
1194 4210 1319 4284 ettim·

196 4361 378 4439 panorum
406 4340 649 4438 tubarumque
676 4342 799 4417 sonitu
824 4342 962 4417 factum
989 4345 1066 4431 est,
1102 4345 1142 4413 ut
1180 4336 1318 4435 aliquid

197 4487 316 4565 supra
351 4467 523 4543 usitatum
561 4468 703 4544 modum
741 4466 1059 4544 celebratissimae
1102 4463 1317 4540 festivitatis

197 4601 404 4691 spectatum
433 4593 548 4670 fuisse
577 4594 788 4672 credideris.
819 4595 1020 4691 Postquam
1056 4591 1316 4666 ornatissimae

196 4727 232 4794 et
271 4719 595 4819 splendidissimae
634 4722 795 4819 equitum
823 4729 966 4797 turmae
994 4719 1228 4818 peditumque
1257 4739 1314 4792 ca-
