3625 5534
482 455 560 538 154
885 482 934 533 10.
954 482 1056 534 uncn
1072 485 1222 537 nnaovn

480 683 656 757 ommque
676 659 860 735 seniorum
881 678 1075 751 consensu,
1086 657 1149 754 qui
1158 666 1326 735 veterum
1335 661 1609 759 Imperatorum

479 788 648 886 vestigiis
658 787 898 864 insistendum
907 785 992 876 rati,
1005 808 1047 860 se
1057 786 1388 884 nonpermissuros
1399 789 1610 880 aiebantut

478 912 581 990 molli
600 915 638 988 in
656 915 793 988 fratres
813 909 1068 985 misericordia
1086 911 1173 985 novi
1186 912 1425 1010 Imperatoris
1455 922 1605 990 vastum

480 1039 773 1116 Othomanomm
792 1035 1607 1134 Imperiumturbaretur.Variaesseintanto

478 1166 639 1265 Imperio
656 1165 820 1262 ingenia,
841 1162 1042 1259 variasque
1060 1163 1142 1238 fore
1157 1163 1387 1256 occasiones,
1398 1164 1606 1261 quibusres

480 1293 651 1386 Turcica,
669 1290 708 1367 ni
726 1290 797 1364 hoc
811 1311 956 1386 quoque
974 1288 1093 1364 veteri
1110 1288 1280 1365 instituto
1298 1298 1504 1382 caveretur,
1523 1313 1607 1390 pes

479 1417 642 1493 sundari
672 1423 710 1492 et
739 1440 763 1491 a
782 1413 972 1490 seditiosis
989 1412 1209 1512 imperiique
1238 1414 1384 1513 cupidis
1402 1416 1515 1492 facile
1531 1425 1605 1492 tur·

477 1539 561 1615 bari
579 1547 718 1638 posset.
737 1541 799 1614 Ita
815 1537 952 1636 partim
971 1537 1200 1614 assentiento
1219 1539 1459 1638 Imperatore,
1470 1541 1606 1640 partim

477 1665 696 1762 urgentibus
725 1662 765 1737 id
795 1663 917 1762 ipsum
943 1663 1168 1761 primoribus
1189 1661 1311 1740 Aulae
1339 1687 1605 1765 sacrorumque

478 1790 690 1889 praefectis,
721 1787 925 1864 octodecim
944 1786 1012 1862 filii
1034 1787 1250 1864 Amurathis
1277 1789 1316 1865 in
1342 1791 1425 1890 ipsa
1443 1792 1607 1868 Tureica

478 1915 578 1992 Aula
596 1915 832 2013 strangulati,
852 1921 1059 2013 posteaque
1078 1912 1279 1992 honorifice
1299 1917 1469 1993 tumulati
1488 1919 1604 2010 incre,

477 2041 628 2118 filiabus
648 2041 902 2142 Imperatoris,
938 2062 1034 2137 quae
1062 2042 1221 2119 XXVII
1239 2044 1398 2130 fuerunt,
1423 2043 1473 2118 ob
1492 2043 1606 2119 imbe-

479 2168 670 2244 cillitatem
690 2187 804 2244 sexus
823 2168 861 2241 in
872 2165 1045 2263 Seraglio
1064 2166 1192 2243 vivere
1202 2167 1423 2265 permissum
1443 2176 1513 2262 est,
1532 2175 1606 2244 sta·

480 2298 731 2390 tutumque,ut
742 2316 822 2369 oum
833 2293 995 2370 nubendi
1006 2297 1150 2391 tempus
1161 2293 1305 2386 afforet,
1319 2315 1446 2368 omnes
1456 2316 1505 2370 ex
1513 2298 1604 2395 pub-

477 2418 549 2496 lico
569 2419 715 2495 aerario
735 2443 804 2518 pro
823 2418 1006 2516 dignitate
1024 2417 1329 2494 convenientibus
1357 2419 1502 2496 maritis
1532 2422 1606 2498 elo

480 2551 661 2620 canentur.

933 2689 1020 2698 -.a—.-

839 2862 1016 2941 CAPVT
1046 2864 1246 2942 NONVM.

571 3009 630 3083 De
650 3019 838 3106 apparata
861 3006 1034 3084 Caesarie
1059 3005 1268 3084 Germanici
1294 3009 1336 3082 ia
1360 3007 1511 3086 Terea.

586 3172 806 3271 Rodolphus
827 3173 1037 3270 Imperator
1064 3172 1216 3269 cognita
1234 3170 1452 3248 Amurathis
1476 3183 1604 3264 morte,

392 3313 395 3324 '
478 3323 524 3375 se
540 3299 682 3395 ingenti
703 3298 927 3373 Mahumetis
943 3298 982 3372 in
993 3295 1230 3375 Christianos
1241 3306 1436 3397 apparatu,
1453 3307 1605 3399 praeter

479 3424 687 3500 ordinarias
706 3423 797 3499 belli
816 3423 1007 3521 impensas
1027 3421 1229 3500 aStatibus
1247 3423 1399 3522 Imperii
1425 3426 1465 3500 in
1482 3423 1605 3501 Conri-

477 3550 541 3627 tiis
571 3549 791 3647 promissas,
811 3549 965 3648 insuper
992 3573 1016 3624 a
1043 3549 1202 3646 singulis
1221 3551 1372 3647 Imperii
1390 3551 1605 3648 provinciis,

478 3684 617 3753 eertum
654 3698 840 3751 numerum
880 3678 1042 3772 equiturn
1080 3683 1118 3750 et
1153 3675 1316 3774 pediturn
1352 3684 1461 3753 extra
1498 3678 1604 3754 ordi-

478 3827 561 3880 nem
581 3800 778 3898 flagitavit.
799 3797 869 3876 Oui
879 3800 1207 3901 Principesintam
1216 3802 1413 3901 praeclaro
1422 3804 1607 3880 iuvandae

478 3928 623 4028 patriae
643 3933 777 4001 conatu
806 3925 1092 4003 succurrendum
1119 3927 1206 4021 rati,
1233 3935 1357 4004 certas
1388 3927 1520 4026 copias
1539 3951 1605 4004 suo

479 4061 626 4152 sumptu
646 4051 910 4129 conduxerunt.
929 4051 1109 4151 Superior
1127 4051 1293 4129 Saxonis
1315 4050 1419 4128 1200
1448 4053 1605 4151 equites,

482 4177 621 4256 Snevia
639 4173 746 4254 4000
757 4177 914 4276 pedites,
934 4177 1158 4254 Austriaoec
1177 4179 1352 4276 regiones
1371 4174 1452 4254 200
1461 4181 1606 4277 equites

480 4313 518 4381 ct
556 4299 662 4380 6000
698 4303 864 4401 pedites,
913 4305 1181 4403 Vestphalicus
1218 4305 1322 4380 orbis
1359 4299 1440 4379 500
1459 4307 1603 4404 equites

481 4426 623 4523 15,000
656 4428 802 4528 pedites
831 4431 995 4506 contulit.
1033 4430 1190 4508 Praeter
1217 4432 1288 4508 hos
1305 4432 1462 4508 Boherni
1482 4433 1604 4523 ctiam,

481 4556 630 4655 Sylesy,
649 4555 807 4648 Morari,
827 4551 1029 4632 acLusatii
1047 4580 1120 4633 non
1139 4557 1440 4635 contemnendam
1459 4581 1606 4634 manum

479 4679 640 4786 equitnm
661 4704 706 4756 ac
724 4681 887 4786 peditum
906 4682 1164 4763 submiserunt
1175 4683 1280 4762 Idem
1297 4684 1419 4762 fecere
1430 4681 1605 4768 Pontifex
