3625 5534
534 493 1056 545 nanns.vus.nuc.x1.n.1.
1263 500 1265 510 ¹
1303 468 1379 546 295

250 668 499 762 temporarias
519 669 675 766 quisque
694 668 767 743 sibi
786 669 899 742 aedes
918 667 1263 760 incastrisfaceret,
1283 692 1377 744 com-

250 801 467 890 meatusque
489 793 607 869 omnis
625 793 786 888 generis,
815 793 922 889 equis
951 794 1232 896 hominibusque
1250 817 1376 868 neccs-

252 921 384 1011 sarios,
408 919 446 991 in
466 919 653 1016 quoslibet
672 919 862 994 diuturnos
873 920 1077 995 obsidionis
1087 920 1279 1018 hybernae
1290 943 1378 996 usus

252 1056 496 1144 compararet.
525 1045 668 1138 Quibus
696 1047 745 1120 ad
773 1047 934 1144 speciem
965 1047 1144 1121 duntaxat
1163 1069 1209 1120 ex
1231 1067 1374 1144 compo-

251 1152 323 1246 sito
342 1171 559 1266 procuratis,
582 1171 684 1245 iubet
702 1169 892 1246 cuniculos
914 1171 1178 1245 subterraneos
1198 1195 1375 1268 quamne-

250 1297 452 1372 eultissime
489 1296 659 1371 maximis
688 1296 862 1395 operibus
892 1291 985 1388 duci,
1023 1296 1220 1393 aditusque
1248 1299 1375 1396 parari

248 1429 359 1512 tutos,
389 1422 521 1518 quibus
549 1445 647 1498 nova
673 1421 739 1496 illa
767 1423 939 1498 tormenti
966 1421 1082 1518 lignei
1101 1422 1280 1512 machina,
1319 1426 1375 1499 cui

250 1571 383 1622 nomen
402 1558 461 1623 est
479 1548 646 1646 petarda,
666 1548 809 1640 adduci,
838 1549 937 1623 acin
957 1557 1085 1645 portas
1105 1549 1208 1623 urbis
1227 1551 1376 1647 explodi

248 1682 389 1774 posset.
410 1675 467 1749 Eo
479 1675 575 1748 enim
586 1681 729 1773 postea,
740 1675 793 1748 uti
803 1675 1005 1768 docebitur,
1026 1682 1294 1770 stratagemate
1314 1699 1373 1750 ea-

247 1802 331 1876 dem
348 1800 439 1874 urbs
459 1807 569 1896 capta
586 1801 668 1875 fuit.
695 1797 770 1875 Sed
788 1825 829 1875 re
848 1802 970 1877 subito
990 1800 1188 1889 intellecta,
1209 1803 1373 1878 selectis-

247 1925 333 2000 simi
351 1924 486 2021 quique
505 1924 756 2000 Barbarorum
774 1925 812 1999 in
833 1949 925 2018 eam,
953 1925 1016 1999 rubi
1036 1924 1193 2000 cuniculi
1212 1928 1374 2022 ageban-

245 2059 318 2145 tur,
336 2057 480 2149 partem
497 2050 603 2126 urbis
623 2060 828 2149 erumpunt,
861 2059 899 2127 et
927 2074 1007 2126 cum
1027 2050 1113 2124 aliis
1134 2074 1242 2147 quam
1261 2053 1375 2149 pluri-

246 2179 328 2269 mis,
357 2159 432 2250 tum
460 2176 659 2275 praecipuo
688 2179 936 2254 cuniculorum
970 2176 1193 2266 architecto,
1224 2176 1303 2250 viro
1331 2176 1375 2251 il-

244 2301 374 2378 lustris
395 2301 544 2395 ordinis,
574 2303 778 2397 interfecto,
804 2326 946 2378 omnem
967 2300 1251 2400 expugnationis
1271 2325 1375 2400 spem

245 2426 385 2502 nostris
423 2426 597 2502 adimunt.
635 2427 788 2503 Interim
818 2427 996 2503 Hauonus
1034 2427 1157 2501 Bassa
1187 2424 1370 2522 Vannius,

246 2577 327 2629 eum
345 2551 594 2629 intellexisset
611 2554 799 2631 laurinum
819 2552 994 2644 obsideri,
1019 2553 1144 2626 iussus
1165 2578 1189 2626 a
1208 2550 1373 2630 Caesare

245 2701 353 2778 opem
372 2677 629 2755 laborantibus
648 2681 758 2773 ferre,
789 2704 869 2755 eum
889 2678 1101 2775 ingentibus
1122 2679 1238 2778 copiis
1259 2681 1371 2755 affuit.
1401 2767 1405 2772 ¹

245 2803 399 2895 Quare
428 2806 578 2901 cognita
598 2802 777 2882 Germani
806 2807 977 2882 continuo
998 2805 1151 2882 Variam
1181 2807 1372 2881 castellum

244 2929 442 3004 incendunt
470 2937 582 3028 atque
611 2930 797 3007 deserunt.
837 2934 986 3007 Turcae
1015 2932 1207 3029 progressi
1236 2930 1372 3006 Tatam

243 3076 373 3130 rursus
393 3066 617 3154 expugnant,
646 3067 685 3133 et
702 3059 890 3133 laurinum
919 3079 1050 3133 versus
1080 3057 1151 3131 iter
1169 3055 1369 3131 intendunt.

243 3182 304 3256 Ita
325 3182 601 3279 oppugnatione
619 3182 828 3258 laurinensi
848 3183 996 3272 omissa,
1016 3181 1161 3256 obviam
1192 3180 1372 3256 Barbaria

243 3307 360 3382 nostri
379 3307 593 3406 procedunt,
623 3310 830 3406 castrisque
858 3308 894 3382 in
922 3308 1003 3382 loco
1032 3306 1130 3380 baud
1160 3313 1220 3381 sat
1237 3305 1370 3381 idoneo

243 3433 388 3532 positis,
415 3435 672 3509 tumultuarias
691 3458 771 3508 cum
790 3434 959 3507 hostibus
979 3455 1124 3530 pugnas
1144 3431 1300 3506 subinde
1319 3433 1371 3506 in-

244 3566 340 3634 eunt.
364 3556 441 3634 Sed
458 3583 506 3634 ne
524 3559 612 3634 totis
632 3560 749 3658 copiis
769 3557 1040 3656 confligeretur,
1061 3549 1194 3656 partim
1214 3557 1371 3633 subdola

245 3683 389 3758 Vezirii
416 3683 562 3759 Bassae
589 3684 817 3783 profectione
846 3685 984 3759 factum
1013 3691 1088 3758 est.
1120 3682 1181 3778 qui
1207 3683 1275 3757 sub
1305 3706 1371 3756 eas

240 3808 479 3888 velitationes
516 3810 715 3885 exercitum
744 3811 886 3886 Budam
915 3810 1080 3899 reduxit,
1118 3809 1251 3905 partim
1280 3830 1370 3882 vero

241 3935 396 4014 consilio
425 3933 657 4012 Archiducis.
687 3937 749 4034 qui
777 3938 894 4012 noluit
924 3935 1051 4034 copias
1082 3957 1170 4008 suas
1200 3942 1236 4007 ct
1264 3930 1369 4007 clade

238 4062 448 4138 laurinensi
467 4070 734 4154 consternatas,
761 4070 800 4138 et
828 4061 1038 4137 incredibili
1066 4068 1171 4158 peste
1190 4081 1285 4155 pene
1305 4081 1366 4133 ex·

240 4189 409 4280 haustas,
426 4187 554 4262 ultimo
583 4188 783 4263 discrimini
801 4188 973 4262 obiicere.
1012 4189 1142 4281 ltaque
1162 4182 1366 4258 'Purcarum

241 4313 471 4388 exercituin
498 4314 668 4412 hyberna
695 4315 857 4398 reducto,
886 4320 924 4389 et
951 4312 1032 4410 ipse
1062 4309 1189 4409 copias
1218 4307 1364 4400 dimisit,

242 4439 436 4536 Vaciaque
446 4463 575 4517 rursus
585 4449 808 4534 restaurata,
827 4464 871 4515 ac
882 4438 987 4538 Papa
996 4436 1198 4536 praesidiis
1208 4434 1364 4526 firmata,

241 4565 424 4643 Viennam
442 4591 641 4666 regressus
661 4578 728 4646 est.

702 4783 722 4788 -.
737 4781 917 4792 ..-—-
