3625 5534
896 533 945 596 1o.
966 541 1067 592 naon
1086 541 1237 594 snaovn

850 865 1026 943 CAPVT
1058 867 1256 943 NONVM.

490 1029 548 1105 De
577 1033 780 1105 iurarueuto
813 1029 994 1106 Ordinem
1032 1059 1076 1106 oc
1106 1033 1327 1132 chctorum
1359 1029 1610 1106 caesareorum

723 1157 905 1252 literisque
925 1155 1110 1254 liudolpbi
1129 1157 1376 1254 Imperatoris.

598 1335 774 1433 Sequenti
804 1336 863 1411 die
882 1336 1063 1436 Princeps
1090 1338 1128 1412 in
1156 1336 1320 1411 exterius
1338 1333 1520 1433 palatium
1538 1355 1614 1432 pro·

492 1484 657 1560 gressus,
677 1463 825 1561 prolixa
844 1463 973 1539 habita
993 1464 1160 1539 oratione
1179 1463 1319 1538 monuit
1337 1461 1437 1536 serio
1458 1457 1615 1535 Ordines

491 1610 629 1680 ornnes,
656 1596 697 1664 ut
726 1588 897 1685 quoniam
927 1590 1044 1665 semel
1071 1590 1277 1665 iuramento
1306 1609 1346 1661 se
1370 1585 1615 1662 Romanorum

491 1714 713 1812 Imperatori
732 1714 1032 1806 obstrinxissent,
1053 1738 1148 1789 nnnc
1168 1714 1278 1790 etiam
1296 1713 1335 1786 id
1344 1711 1520 1786 firmioris
1535 1707 1614 1784 fidei

486 1839 616 1936 gratia
633 1841 758 1914 lacere
778 1862 850 1913 non
871 1841 1094 1924 dubitarent.
1132 1841 1192 1916 Ita
1219 1839 1374 1937 primum
1388 1833 1616 1922 Conciliari,

492 1990 577 2043 mox
587 1962 753 2042 Comites
772 1990 910 2058 omnes,
931 1967 1117 2064 ceterique
1129 1965 1302 2056 Ordines,
1321 1970 1528 2062 praecunte
1548 1965 1615 2038 De·

422 2151 427 2160 .
490 2093 622 2170 metrio
641 2093 836 2189 Napragio
847 2093 1036 2191 Episcopo
1056 2101 1166 2189 atquc
1178 2088 1413 2168 Cancellaric
1434 2088 1614 2179 iurarunt,

409 2292 413 2300 f
492 2241 549 2311 se,
580 2217 868 2315 quandocunque
907 2215 1167 2314 sigismundus
1196 2215 1378 2313 Princeps
1416 2215 1477 2289 vel
1505 2214 1618 2289 vitam

492 2366 573 2419 oum
600 2349 716 2417 morte
746 2348 1026 2434 commutasset,
1055 2341 1115 2416 vel
1145 2350 1277 2438 sponte
1307 2339 1471 2440 Imperio
1501 2339 1617 2414 Tran-

491 2468 688 2568 sylvaniae
716 2467 880 2560 cederet,
911 2466 1106 2542 confestim
1133 2464 1333 2565 Rndolpho
1351 2464 1404 2538 II.
1435 2463 1615 2541 Romano

381 2619 386 2628 ·
491 2618 572 2670 rum
591 2593 813 2692 Imperatori
832 2594 1084 2690 legitimisque
1101 2593 1180 2668 eius
1202 2592 1484 2668 successoribus
1513 2590 1618 2667 lidem

493 2720 750 2818 praestituros,
779 2728 818 2795 et
835 2720 874 2792 in
892 2721 1005 2795 rebus
1035 2720 1203 2795 omnibus
1223 2719 1406 2794 mandatis
1427 2718 1509 2794 cius
1526 2717 1619 2817 pari·

491 2856 608 2937 turos,
632 2844 829 2920 amicorum
857 2844 937 2932 eius
957 2847 1105 2938 amicos,
1134 2845 1361 2920 inimicorum
1378 2843 1550 2920 inimicos
1568 2842 1617 2917 fu·

492 2978 607 3062 turos,
645 2992 714 3044 nec
743 2971 837 3044 clam
873 2993 942 3045 nec
969 2973 1104 3068 palam,
1143 2969 1204 3045 vel
1232 2969 1331 3045 facto
1360 2969 1421 3042 vel
1440 2967 1617 3058 consiliis,

495 3096 690 3194 quicquam
710 3096 891 3171 adversus
921 3119 1003 3170 eum
1023 3096 1224 3186 molituros,
1255 3093 1323 3170 sed
1341 3114 1410 3192 pro
1429 3092 1533 3168 virili
1553 3115 1617 3169 sna

493 3222 661 3296 omnibus
678 3221 757 3296 eius
773 3221 1044 3319 impedimentis
1065 3228 1349 3319 repugnaturos,
1370 3228 1614 3319 etquamoun·

497 3369 568 3442 que
578 3348 731 3420 formam
748 3347 1029 3441 gubernationis
1040 3346 1249 3439 instituerit,
1260 3345 1321 3420 vel
1330 3344 1617 3444 perabsolntum

495 3471 752 3569 principatum,
772 3471 833 3546 vel
855 3497 923 3570 per
937 3472 1244 3566 Gubernatorem,
1265 3495 1346 3547 eam
1358 3481 1617 3570 acceptaturus

493 3620 539 3673 ac
556 3597 720 3695 periculo
741 3598 875 3697 capitis
893 3606 1214 3699 propugnaturos:
1236 3599 1393 3696 deniqne
1405 3599 1616 3676 omniacins

495 3730 646 3817 statuta,
666 3746 881 3821 omnemque
901 3725 1129 3826 voluntatem
1139 3734 1341 3802 secuturos.
1361 3721 1528 3800 Oumhis
1540 3748 1619 3802 con·

497 3850 698 3926 ditionibus
716 3850 912 3942 iurassent,
933 3857 1108 3926 statutum
1129 3858 1198 3938 est,
1218 3858 1258 3926 ut
1277 3851 1454 3925 absentes
1474 3871 1617 3950 quoqne

497 3999 626 4052 omnes
653 3985 729 4051 tam
745 3977 930 4074 equestris
950 3975 1090 4054 ordinis
1120 4000 1227 4073 quam
1246 3969 1452 4051 'liberarum
1490 3976 1616 4052 civita-

497 4109 574 4177 tum
594 4099 796 4179 Senatores
814 4103 913 4176 intra
933 4110 1055 4178 certos
1075 4102 1167 4194 dies,
1188 4101 1618 4201 subpoenaperdnellio·

498 4228 569 4320 nis,
593 4228 690 4304 idem
709 4230 884 4304 lacerent.
915 4229 986 4305 His
1005 4230 1118 4305 rebus
1137 4227 1326 4320 confectis,
1345 4227 1461 4324 legati
1480 4250 1622 4327 qnoque

501 4351 693 4448 Caesarei,
711 4353 924 4453 Stephanus
944 4355 1087 4453 Zuhay,
1106 4355 1285 4430 Nicolaus
1301 4340 1456 4428 Istrdnli
1477 4361 1517 4428 et
1537 4355 1621 4430 Bar·

496 4477 729 4556 tholomaeus
740 4479 910 4574 Pezzius,
930 4481 1139 4580 aPrincipe
1158 4481 1196 4556 in
1215 4489 1434 4557 conventum
1452 4476 1620 4579 producti
1730 4473 1731 4520 ³

500 4603 713 4703 solenniter,
732 4628 800 4703 per
819 4605 1014 4699 vinculum,
1044 4627 1116 4702 quo
1136 4604 1328 4702 Vngariae
1350 4605 1488 4681 eteius
1508 4604 1619 4681 Coro·
1730 4681 1731 4698 ,

500 4752 571 4808 nae
608 4739 667 4805 est
702 4731 891 4830 obligatus
921 4728 1076 4825 Caesar,
1106 4731 1280 4826 iurarunt,
1304 4730 1375 4807 hac
1403 4731 1618 4816 conditione,
1730 4719 1731 4744 ¹
