3625 5534
470 443 523 524 64
862 466 912 520 10.
932 465 1034 522 uncu
1051 467 1201 520 ssnovn

471 639 671 732 servantia,
689 638 877 733 iudicavit,
897 641 985 738 quin
1003 641 1220 718 Pontificem
1248 642 1448 718 Maximum
1474 665 1601 718 rerum

470 765 629 842 omnium
663 787 812 842 suarum
839 767 1025 842 conscium
1058 767 1249 861 redderet,
1288 767 1398 866 idque
1431 768 1598 844 muneris

467 891 663 987 Alphcnsc
683 889 824 1006 Oarilic
851 893 1001 968 natione
1032 893 1203 990 Hispano
1234 892 1420 968 sacerdoti
1445 915 1515 969 suo
1536 894 1601 967 im-

471 997 695 1114 ponenssjut,
715 1024 755 1092 et
773 1041 845 1114 quc
864 1018 948 1115 ipse
967 1019 1006 1093 in
1025 1026 1125 1095 statu
1144 1026 1256 1112 esset,
1284 1018 1453 1094 Pontifici
1482 1020 1601 1095 refer·

470 1151 538 1234 ret,
560 1149 598 1218 et
618 1141 738 1234 simul,
757 1166 804 1217 ne
819 1143 892 1218 sibi
910 1144 948 1218 in
967 1151 1042 1219 tam
1061 1145 1297 1240 gravissimis
1309 1145 1398 1220 belli
1417 1145 1601 1244 periculis

458 1267 684 1362 ‚constituta
706 1268 859 1342 consilio
879 1291 957 1360 suc,
979 1268 1190 1366 similioque
1202 1269 1362 1362 deesset,
1373 1270 1420 1344 ab
1432 1295 1477 1346 eo
1490 1270 1603 1345 enixe

471 1400 626 1489 peteret,
646 1415 806 1489 propere
827 1416 909 1468 eum
938 1392 987 1466 ad
1015 1395 1143 1469 urbem
1162 1394 1347 1492 proficisci
1366 1394 1492 1470 voluit.
1526 1395 1600 1469 His

474 1516 658 1615 expeditis
677 1541 757 1592 cum
775 1519 849 1592 iam
878 1527 915 1594 et
933 1518 983 1592 ad
1001 1505 1232 1616 colligendas
1251 1520 1363 1614 vires,
1383 1528 1420 1595 et
1439 1522 1488 1594 ad
1507 1529 1599 1595 tem-

471 1666 541 1741 pus
561 1644 838 1738 extrahendum,
858 1647 1089 1722 cunctatione
1106 1647 1286 1744 imprimis
1304 1648 1476 1724 utendum
1499 1647 1602 1723 vide·

468 1779 581 1862 retur,
624 1795 669 1846 ea
706 1763 962 1869 frequentibus
992 1771 1131 1867 Sinsni,
1165 1798 1211 1849 ac
1228 1775 1374 1850 Bassae
1395 1776 1602 1850 Temesva-

471 1895 607 1970 niensis
626 1897 771 1972 nunciis
790 1897 1015 1974 sollicitatus
1033 1897 1224 1997 Princeps,
1262 1924 1336 1975 ncn
1363 1900 1454 1976 nihil
1483 1902 1598 1976 inter-

477 2021 566 2114 cisa,
585 2020 798 2098 Alba-Iulia
824 2046 904 2097 cum
924 2024 1055 2100 aulicis
1074 2025 1153 2101 suis
1183 2025 1321 2123 copiis,
1359 2026 1601 2124 impedimen-

470 2148 592 2245 tisque
621 2149 789 2224 omnibus
818 2149 1019 2242 excedens,
1058 2149 1413 2248 Oclcsvarinumque
1441 2151 1600 2228 modieis

468 2274 665 2349 itineribus
684 2273 916 2370 perveniens,
937 2282 1133 2372 postquam
1154 2275 1206 2349 ibi
1225 2275 1348 2368 etiam,
1379 2300 1473 2374 qnae
1485 2267 1601 2352 ¹undi-

469 2421 564 2493 quae
584 2400 887 2496 expectabantur,
918 2400 1133 2498 provinciae
1153 2400 1322 2476 subsidia
1332 2403 1597 2492 contraxisset,

471 2547 552 2598 eam
571 2524 644 2598 sibi
664 2523 948 2601 administrandi
968 2525 1074 2601 huius
1094 2525 1182 2600 belli
1202 2526 1383 2602 rationem
1399 2529 1599 2602 ineundam

472 2647 587 2740 duxit,
607 2670 716 2745 qnam
734 2650 772 2724 in
792 2652 1032 2747 sequentibus
1053 2674 1292 2749 exponemus.
