3625 5534
481 461 559 540 286
880 484 928 537 ιο.
949 483 1050 537 nucu
1068 483 1217 536 eunoun

635 1117 903 1232 omens
954 1116 1411 1230 VNllllGIlllA.

744 1427 978 1524 LIBER
1021 1427 1325 1526 PRIMVS.

831 1700 1239 1780 CAPVTPRIMVM.

477 1865 536 1938 Dc
559 1863 724 1941 Comitiis
743 1866 967 1960 Albensibns,
998 1881 1030 1940 et
1050 1867 1151 1942 obito
1171 1864 1365 1960 Principis
1392 1863 1443 1936 ad
1465 1863 1592 1938 Caesa-

664 2017 739 2065 rem
761 1991 1028 2088 Germanicum,
1050 2019 1094 2067 oc
1112 1993 1232 2066 redito
1251 1989 1417 2064 ciusdem.

581 2154 794 2256 Appetebat
830 2158 902 2232 iam
932 2179 1049 2234 annus
1077 2157 1208 2232 salutis
1236 2149 1478 2247 MDXGVII,
1516 2177 1591 2230 oum

473 2283 652 2385 Princeps
671 2283 983 2382 Sigismundusad
1003 2283 1128 2361 XXV.
1149 2285 1243 2359 diem
1272 2281 1593 2357 decembrisoomi·

471 2411 525 2486 tia
548 2409 683 2486 Albam
720 2410 857 2487 indicit.
895 2412 954 2487 Ibi
981 2434 1052 2486 non
1086 2411 1130 2485 de
1167 2433 1260 2509 pace
1290 2432 1369 2484 oum
1389 2406 1525 2483 Turcis
1545 2409 1592 2486 in·

472 2539 602 2629 eunde,
621 2539 673 2614 uti
692 2561 781 2638 spes
800 2539 957 2615 omnium
976 2541 1107 2630 luerat,
1141 2538 1207 2613 sed
1227 2537 1271 2612 de
1290 2536 1427 2612 tributo
1447 2531 1592 2612 Ordini-

470 2665 540 2740 bus
558 2664 751 2739 indicendo
770 2665 989 2763 publicaque
1000 2663 1120 2762 Regni
1139 2664 1335 2739 concordia
1352 2662 1491 2738 tuenda
1511 2687 1590 2738 con·

472 2790 592 2864 silium
611 2790 774 2865 habiturn
795 2799 861 2865 est.
901 2790 1020 2884 Quum
1040 2800 1159 2867 autem
1178 2791 1357 2890 Princeps
1386 2791 1433 2866 ad
1454 2786 1590 2864 Caesa·

471 2940 548 2992 rem
576 2916 762 3015 proficisci
790 2917 983 3014 cogitaret,
1012 2942 1057 2993 ne
1087 2917 1173 3015 quid
1198 2939 1238 2990 se
1259 2917 1411 2990 absente
1431 2914 1590 2990 Michael

471 3045 744 3142 Transalpinae
773 3042 966 3118 Palatinus
1005 3044 1049 3119 de
1073 3045 1223 3121 loedere
1251 3066 1331 3118 cum
1352 3041 1487 3118 Turcis
1519 3041 1589 3117 ine·

470 3170 566 3246 undo
585 3178 753 3264 tentaret,
781 3171 905 3245 missis
934 3171 1075 3246 nunciis
1105 3171 1239 3247 Albam
1268 3195 1349 3247 eum
1377 3179 1521 3246 evocat.
1552 3170 1589 3243 Ie
1720 3165 1721 3170 ’

471 3298 619 3393 cognita
647 3295 833 3397 Principis
862 3299 1063 3392 voluntate,
1094 3322 1200 3396 quum
1230 3299 1350 3374 Albae
1378 3305 1491 3374 antea
1518 3321 1588 3374 non

469 3423 611 3516 luisset,
639 3420 795 3498 libenter
823 3431 945 3523 paret,
975 3423 1239 3523 splendidoque
1269 3427 1444 3502 comitatu
1463 3433 1590 3523 septus

475 3549 596 3624 itineri
615 3570 656 3624 se
675 3549 748 3624 dat.
776 3549 859 3642 Qua
886 3574 926 3626 re
947 3560 1101 3650 accepta
1120 3550 1332 3651 Sexopolim
1351 3574 1468 3650 usque
1487 3549 1587 3625 Prin·

470 3700 559 3777 ceps
579 3677 725 3754 obviam
748 3678 783 3753 ei
803 3677 984 3756 Proceres
1003 3681 1123 3768 mittit,
1142 3689 1180 3756 et
1200 3704 1307 3778 quam
1335 3687 1459 3780 potest
1478 3679 1586 3755 hono

470 3804 737 3880 rificentissime
757 3802 892 3881 Albam
911 3805 1160 3883 deducendum
1179 3817 1294 3883 curat.
1326 3807 1413 3884 lude
1433 3806 1586 3882 seeretis

469 3955 550 4008 cum
569 3954 613 4008 eo
632 3933 769 4007 habitis
788 3933 1126 4030 deliberationibus,
1145 3960 1190 4011 ne
1208 3959 1275 4035 per
1294 3935 1498 4011 absentiam
1518 3933 1584 4008 Pa-

468 4059 575 4134 latini
592 4081 654 4134 res
683 4059 894 4157 provinciae
916 4062 1159 4154 turbarentur,
1189 4063 1318 4162 paucis
1345 4072 1429 4161 post
1456 4061 1583 4138 diebus

470 4185 660 4281 magnifice
689 4185 880 4276 donatum,
910 4212 954 4262 ao
981 4189 1193 4286 ingentibus
1220 4190 1413 4289 promissis
1459 4213 1582 4266 onera·

468 4319 542 4387 tum
561 4312 599 4386 in
618 4310 906 4412 Transalpinam
932 4316 1093 4393 remittit.
1127 4319 1214 4416 lpse
1241 4317 1440 4417 assumptis
1462 4340 1580 4394 secum

471 4436 657 4538 Stephano
668 4439 805 4517 Josilra
815 4438 1060 4539 Oaucellario,
1080 4443 1250 4544 Oasparo
1280 4445 1433 4540 Komis,
1453 4445 1582 4522 Deme·

468 4565 741 4665 trioNapragio
759 4569 1352 4673 Episcop0,PancratioSennyeio
1366 4571 1578 4650 AulaeMa·
1720 4599 1721 4684 j

469 4691 605 4788 glutto,
659 4693 814 4771 Nicolao
842 4697 992 4796 Apelli,
1032 4699 1246 4798 Vollgango
1267 4695 1314 4798 (l)
1334 4699 1580 4794 Bornemisza,
1720 4701 1721 4788 ἶ
