3625 5534
465 436 516 510 70
857 455 908 508 10.
928 454 1028 506 nncn
1046 454 1198 506 sunovu

461 640 624 731 paretur,
643 639 770 704 tantae
790 650 916 704 morae
944 630 1152 726 impatiens,
1191 653 1237 704 ex
1268 631 1364 706 omni
1394 651 1460 705 suo
1491 653 1596 703 exer-

463 758 537 832 citu
557 754 853 852 promptissimos
891 775 1057 850 quosque
1088 769 1168 827 cum
1209 754 1449 830 Zolnokiensi
1481 753 1598 827 Prae·

469 882 580 972 lecto,
598 879 679 955 viro
698 879 871 976 impigro,
900 879 950 954 ad
976 877 1104 953 hostes
1133 880 1208 954 de
1197 881 1399 978 nnproviso
1420 878 1599 954 invaden-

467 1007 550 1098 dos,
567 1003 849 1101 fundendosque
868 1003 989 1077 mittit
1010 1004 1117 1077 Tunc
1145 1005 1323 1104 temporis
1345 1003 1489 1099 Vngari
1512 1027 1599 1100 quo

464 1156 546 1230 que,
567 1130 629 1228 qui
655 1129 755 1204 ultra
775 1130 1031 1227 Tybiscanam
1050 1129 1239 1224 regionem
1258 1131 1431 1220 incolunt,
1476 1137 1599 1203 trans·

463 1257 578 1332 misso
597 1254 756 1345 flumine,
777 1277 858 1329 cum
878 1253 1113 1328 citerioribus
1132 1277 1206 1329 una
1224 1254 1297 1329 iam
1315 1254 1354 1328 in
1372 1253 1455 1329 loco
1477 1252 1599 1352 copiis

464 1407 511 1458 ex
532 1381 701 1458 omnibus
739 1379 906 1453 finitimis
934 1379 1134 1484 praesidiis
1162 1380 1271 1471 aucti,
1309 1377 1421 1454 etde
1450 1378 1600 1454 Bassae

465 1506 598 1584 castris
618 1504 796 1581 certiores
823 1504 932 1598 facti,
970 1504 1068 1578 idem
1096 1511 1273 1581 statutum
1301 1505 1401 1603 apud
1426 1528 1467 1579 se
1483 1505 1598 1580 habe·
1723 1531 1724 1540 ¹

464 1635 564 1724 bant,
582 1638 623 1706 ut
641 1631 759 1728 primo
779 1652 925 1726 quoque
944 1636 1122 1727 tempore,
1143 1629 1299 1705 Bassam
1325 1627 1419 1704 nihil
1438 1630 1517 1705 tale
1538 1653 1600 1704 ex-

466 1763 705 1855 spectantem,
723 1755 762 1827 in
782 1754 918 1828 caetris
938 1753 1200 1850 opprimerent,
1211 1753 1306 1828 haud
1317 1754 1450 1851 ignari,
1470 1755 1599 1828 sicum

466 1880 705 1970 delevissent,
726 1899 968 1975 quaecunque
987 1877 1025 1950 in
1044 1877 1179 1951 finibus
1190 1878 1396 1953 ancarum
1406 1877 1600 1976 praesidia

466 2007 704 2089 haberentur,
742 2003 780 2076 in
809 2025 935 2078 eorum
969 2002 1094 2076 statim
1113 2009 1338 2099 potestatem
1360 2025 1599 2078 concessura.

467 2131 608 2208 Verum
626 2152 690 2204 res
709 2125 871 2204 levicula
891 2124 988 2200 hano
1006 2127 1062 2202 eis
1082 2126 1314 2228 occasionem
1335 2127 1532 2226 praecidit,
1554 2127 1601 2201 si·

468 2256 616 2354 quidem
634 2255 732 2328 sorte
749 2254 901 2328 fortuna
927 2251 966 2325 in
995 2251 1180 2326 hominem
1203 2252 1397 2348 quemdam
1417 2254 1602 2349 Transyl·

467 2383 623 2457 vanicae
634 2379 797 2470 ditionis,
813 2400 860 2451 ex
871 2379 1007 2450 castris
1027 2379 1263 2474 Vngarorum
1274 2376 1504 2452 Varadinum
1517 2400 1611 2468 oum,

466 2509 526 2596 iis,
545 2527 640 2602 quae
659 2503 706 2577 de
724 2502 800 2576 illis
821 2507 1010 2598 comperta
1039 2501 1212 2594 habebat,
1245 2502 1482 2576 festinantem
1501 2501 1596 2574 inci·
1661 2565 1669 2582 ‚

466 2632 607 2718 dentes,
627 2628 691 2703 ille
712 2627 767 2701 eie
797 2632 896 2700 metu
926 2626 1129 2723 perculsus,
1167 2627 1264 2735 ultro
1295 2627 1422 2702 statim
1451 2650 1598 2702 omnem

465 2756 702 2849 Vngarorum
722 2774 769 2827 ex
788 2749 1033 2850 praescripto,
1053 2752 1152 2848 qnod
1170 2753 1268 2852 apud
1287 2775 1329 2827 se
1349 2750 1526 2843 babebat,
1547 2751 1601 2824 in-

466 2879 613 2954 dicavit.

573 3002 654 3094 Quo
673 3001 731 3076 illi
750 3008 936 3101 percepto,
956 3023 1039 3074 cum
1057 3001 1196 3076 conscii
1223 3023 1372 3076 suarum
1393 3001 1539 3096 virium,
1564 3004 1602 3079 et

464 3128 539 3202 iam
557 3129 649 3204 fessi
670 3149 814 3226 quoque
834 3126 881 3200 de
898 3125 970 3199 via.
993 3133 1047 3199 tot
1066 3125 1236 3202 hostibus
1256 3127 1403 3202 minime
1422 3151 1538 3226 pares
1559 3152 1600 3202 sc

464 3254 610 3328 futuros
629 3250 892 3348 intelligerent,
912 3271 1094 3324 converso
1104 3249 1204 3324 illico
1215 3259 1314 3327 retro
1326 3253 1486 3348 agmine,
1496 3253 1600 3352 fuga,

379 3441 388 3455 .
465 3399 511 3451 ac
531 3378 565 3451 si
583 3377 621 3451 in
639 3374 812 3470 vestigiis
832 3373 1029 3449 haerentes
1050 3375 1179 3451 hostes
1198 3375 1376 3466 viderent,
1389 3377 1599 3475 equismul·
1655 3364 1658 3372 ’

464 3500 514 3575 tis
532 3500 572 3575 in
590 3500 654 3575 via
671 3523 764 3597 prae
782 3498 1004 3576 lassitudine
1024 3500 1186 3594 amissis,
1206 3502 1331 3578 multis
1351 3526 1372 3578 e
1392 3502 1473 3579 suis
1492 3505 1602 3579 relic·

467 3625 530 3718 tis,
550 3625 599 3700 ad
618 3626 780 3699 Bassam
800 3624 838 3698 in
856 3632 983 3700 castra
1012 3626 1148 3725 trepidi
1166 3626 1322 3702 rediere.
1352 3627 1386 3702 A
1409 3630 1546 3725 quibus
1567 3631 1601 3704 is

464 3751 510 3826 de
530 3774 571 3826 rc
589 3757 669 3825 tota
687 3750 850 3838 edoctus,
889 3773 934 3824 ac
961 3751 1090 3825 hostes
1118 3751 1190 3826 iam
1220 3753 1331 3828 etiam
1362 3776 1431 3852 pro
1460 3757 1599 3830 castris

464 3877 643 3951 affuturos
663 3875 814 3967 veritus,
837 3897 884 3949 ne
903 3897 945 3950 se
964 3876 1002 3949 iu
1023 3876 1362 3952 manifestissimum
1381 3878 1598 3977 periculum,

465 4000 636 4075 desertus
656 4023 679 4074 a
699 3999 975 4097 Transylvanis
1004 4001 1214 4094 coniiceret,
1252 4003 1411 4078 sublatis
1435 4028 1599 4103 propere

465 4125 577 4218 vasis,
597 4123 780 4221 motisque
801 4124 948 4211 castris,
979 4125 1015 4198 in
1044 4126 1128 4200 loca
1153 4135 1254 4203 retro
1273 4129 1413 4205 tutiora
1433 4152 1523 4204 suos
1542 4153 1599 4206 re·

463 4249 578 4325 duxit.
608 4249 865 4345 ItaHungari
893 4250 1063 4324 fmstrati
1083 4252 1155 4326 hac
1178 4274 1257 4350 spe,
1294 4277 1364 4327 nec
1391 4253 1491 4329 ultra
1511 4277 1598 4353 pro-

463 4373 598 4471 gressi,
617 4374 666 4448 ad
685 4373 762 4449 alia
779 4373 935 4468 gerendi
954 4375 1044 4449 belli
1065 4376 1221 4451 consilia
1250 4399 1292 4452 se
1320 4385 1596 4454 converterunt.

463 4497 556 4572 Cum
594 4496 648 4570 ita
685 4497 889 4572 incastris
920 4499 1296 4576 Temesvariensibus
1334 4503 1597 4600 trepidaretur,

462 4631 549 4700 tunc
566 4621 722 4697 nuncius
742 4620 932 4724 Principis
953 4622 1051 4720 apud
1069 4625 1240 4718 Bassam,
1261 4648 1396 4702 causas
1417 4627 1451 4702 ei
1471 4648 1598 4704 morae
