3625 5534
509 522 763 578 1111111111.
786 523 868 578 111.
889 527 923 574 x.
942 527 978 578 n.
996 528 1060 580 vu.
1097 569 1101 577 .
1166 513 1171 521 ’
1290 504 1365 581 141

233 695 451 774 Kazikerei
471 699 715 774 Tartarorum
744 696 918 792 Chamus,
948 724 1029 776 cum
1057 725 1184 778 omnes
1203 702 1365 799 nudique

233 823 323 897 vias
343 824 484 899 reditus
504 824 576 899 sibi
595 823 813 923 praeclusas
823 825 991 920 vidisset,
1011 828 1143 903 statuit
1162 851 1243 902 eam
1262 849 1367 902 occa-

232 948 381 1023 sionem
400 949 591 1024 remeaudi
618 949 666 1024 ad
686 972 773 1025 suos
804 951 977 1048 opperiri,
997 976 1070 1048 qua
1089 961 1260 1028 concreto
1280 951 1369 1046 gelu

232 1073 415 1151 Danubio
453 1074 599 1151 facilius
638 1100 706 1174 per
734 1099 816 1152 eum
844 1079 1024 1153 transitus
1054 1086 1159 1153 tanto
1190 1077 1368 1154 exercitui

232 1200 404 1276 daretur.
425 1201 579 1276 Interim
609 1199 781 1300 dispersa
809 1202 909 1276 circa
938 1201 1176 1296 Szolnokum,
1214 1205 1368 1280 Tomis·

235 1331 371 1400 varum
414 1333 452 1400 et
497 1326 572 1400 alia
624 1327 848 1424 campestria
896 1330 979 1402 loca
1014 1330 1200 1404 barbarae
1245 1327 1367 1425 gentis

233 1453 471 1542 collectione,
490 1452 647 1549 ipsemet
667 1452 887 1527 Temesvtri
907 1453 1083 1544 consedit,
1109 1455 1147 1526 iu
1166 1454 1368 1528 munitissi-

232 1600 374 1674 maque
403 1578 482 1652 eius
510 1576 617 1658 urbis
634 1600 720 1652 arce
750 1601 830 1652 cum
849 1579 974 1652 Bassa
993 1584 1251 1668 commoratus,
1271 1599 1366 1653 com-

232 1703 386 1778 modam
406 1703 567 1778 abeundi
586 1703 822 1778 occasionem
840 1713 1040 1801 expectare
1064 1704 1204 1780 statuit.
1235 1704 1295 1778 Ne
1312 1712 1366 1778 ta-

233 1853 321 1904 men
341 1830 473 1926 eopiae
493 1830 713 1907 Tartaricae
723 1830 879 1923 interim,
889 1837 997 1928 rapto
1010 1831 1136 1904 vivere
1145 1829 1367 1904 latrociniis·

233 1976 310 2050 que
327 1956 495 2052 gaudere
516 1964 700 2048 assuetae,
712 1956 787 2030 otio
798 1961 1066 2054 torpescerent,
1078 1956 1240 2053 aliquam
1261 1979 1366 2031 11111·

234 2081 334 2155 citus
374 2087 518 2178 partem
545 2069 767 2178 'populatum
803 2081 858 2155 111
895 2081 1016 2173 iussit,
1047 2080 1182 2177 partim
1211 2088 1251 2154 nt
1264 2059 1364 2155 11111

233 2204 463 2302 flammaque
489 2214 620 2281 cuncta
638 2214 832 2282 vastarent
867 2207 1120 2306 praedamque
1158 2207 1365 2301 abigerent,

233 2333 375 2431 partim
393 2339 433 2406 ut
451 2332 653 2429 periculum
677 2333 852 2426 facerent,
881 2357 966 2408 num
995 2357 1050 2424 ea,
1072 2355 1143 2430 qua
1163 2333 1363 2422 venisseut,

232 2459 298 2534 via
328 2459 474 2532 domum
493 2481 663 2534 remeare
681 2467 845 2555 possent.
862 2459 1023 2534 Barbari
1043 2459 1139 2532 dicto
1159 2461 1362 2556 Imperato-

232 2586 302 2678 ris,
323 2585 383 2659 sui
401 2591 576 2683 parentes
597 2607 676 2658 cum
706 2576 952 2662 selectissima
970 2573 1364 2675 mauuNtdudvarum,

232 2711 399 2807 indeque
429 2707 752 2809 Cis-Tybiscauas
780 2711 974 2806 Vngariae
1000 2718 1129 2809 partes
1157 2710 1284 2785 infesti
1301 2733 1364 2808 pe-

232 2837 343 2926 tiere,
365 2842 402 2908 et
420 2832 510 2908 diris
529 2834 665 2931 ubique
685 2834 958 2911 vastationibus
977 2835 1016 2908 in
1025 2835 1198 2909 miseram
1217 2835 1364 2932 plebem

233 2957 409 3058 grassati
428 2967 523 3033 suut.
552 2957 644 3033 Post
672 2958 734 3034 ubi
763 2957 947 3034 homiuum
974 2958 1116 3051 ingenti
1144 2965 1364 3055 pecorumve
1422 3059 1425 3064 ¹

232 3083 381 3185 praeda
401 3083 535 3158 abacta
555 3084 748 3180 angustias
768 3082 855 3157 illas
867 3082 1047 3180 Karpatii
1064 3083 1210 3172 montis,
1231 3082 1364 3179 quibus

232 3212 272 3285 in
302 3207 516 3306 Vngariam
545 3209 651 3284 effusi
686 3215 804 3303 erant,
835 3208 1065 3283 validissimo
1095 3204 1365 3282 1111111111-

233 3339 330 3414 bore
351 3344 552 3433 occupatos
562 3337 699 3429 videre,
720 3335 911 3412 conversis
931 3342 1032 3410 retro
1052 3334 1170 3430 siguis
1181 3335 1230 3409 ad
1239 3336 1367 3432 priora

232 3463 415 3562 mapalia,
428 3463 570 3559 quaein
593 3462 864 3560 campestribus
884 3462 984 3536 cirea
1004 3459 1242 3552 Szolnokum,
1261 3460 1364 3536 'Phu-

232 3589 339 3680 rium,
348 3595 387 3665 et
396 3589 472 3664 alia
480 3589 558 3664 eius
569 3593 710 3664 tractus
722 3581 1182 3686 oppida(locis)‚ccniectis
1194 3586 1366 3662 celeriter

236 3713 479 3802 stramentis,
507 3713 724 3789 tolerandae
762 3711 905 3813 hyemis
944 3712 1147 3786 acerrimae
1176 3734 1290 3785 causa
1308 3713 1362 3784 in·

234 3838 542 3928 aedificaverant,
562 3840 683 3914 redire
703 3836 1363 3940 1111111111Ρ11111111111111111

232 3964 429 4043 Varadino
450 3961 598 4062 Caspar
618 3965 772 4056 Komis,
792 3966 901 4040 homo
929 3965 1093 4062 prudeus
1113 3970 1151 4037 et
1168 3970 1365 4036 veteranus

231 4094 411 4184 bellator,
443 4101 484 4167 nt
511 4091 657 4166 iuterim
687 4093 853 4168 absentis
877 4092 915 4166 in
933 4091 1120 4187 legatione
1141 4085 1366 4163 Germanica

231 4219 420 4318 Stephani
437 4217 607 4293 Boczkai
626 4218 742 4293 vicem
763 4216 990 4315 supleret.Is
1009 4222 1165 4312 accepta
1176 4213 1224 4289 ab
1237 4212 1365 4310 explo-

234 4343 430 4420 ratoribus
451 4344 693 4418 Tartarorum
705 4343 934 4434 excursione,
946 4347 1085 4437 quanta
1095 4344 1219 4438 potest
1237 4338 1365 4414 celeri·

230 4478 315 4545 tate
354 4469 402 4544 ad
442 4471 480 4544 X
500 4470 646 4544 circiter
664 4467 792 4559 millia,
822 4493 896 4568 qua
932 4468 1115 4567 peditum,
1153 4489 1227 4561 qua
1264 4466 1364 4562 equi-

232 4607 335 4689 tum,
366 4595 487 4693 cogit,
516 4595 691 4693 nullaque
710 4596 903 4672 interiecta
922 4616 1027 4669 mora
1044 4594 1229 4668 barbaros
1239 4613 1365 4690 perse-

233 4723 299 4819 qui
322 4721 461 4798 statuit.
487 4719 767 4796 Praemiseraut
786 4721 898 4796 duces
919 4719 1106 4817 copiarum
1126 4714 1190 4792 CC
1219 4716 1365 4791 circiter

1196 4857 1257 4920 10⁸
