3625 5534
522 492 571 541 nn
590 493 671 543 usn.
692 492 777 544 vno.
797 492 878 540 nnc.
898 493 934 541 x.
954 493 987 541 n.
1007 491 1055 542 vr.
1281 467 1357 546 123

226 668 428 742 immutare
456 690 615 764 unquam
642 665 734 741 iilud
762 688 949 762 queamus.
980 664 1085 756 Quae
1101 691 1182 742 oum
1200 669 1254 742 ita
1272 668 1366 758 sint,¹

229 815 401 867 mearum
420 815 506 869 esse
524 792 684 890 partium
712 791 931 883 existimavi,
961 791 1031 866 hoo
1058 800 1232 892 tempore,
1264 793 1359 892 pori-

230 919 356 994 eulum
373 917 446 1006 hoe
464 918 610 1015 patriae
628 916 774 1016 publioe
803 917 972 992 omnibus
1001 917 1224 1011 significare,
1253 925 1290 995 et
1309 919 1357 994 ad

230 1046 514 1122 deliberandum
532 1062 751 1145 proponere,
780 1052 820 1119 nt
846 1044 1011 1121 universi
1030 1069 1172 1121 meeum
1191 1046 1357 1143 singilla-

228 1172 298 1249 tim
337 1169 385 1245 de
422 1170 601 1246 communi
638 1172 759 1247 salute
795 1192 864 1245 sua
901 1171 1057 1246 oonsilia
1085 1172 1358 1265 eommunioent‚
1507 1178 1510 1186 '

229 1298 489 1396 suffragioque
508 1299 628 1374 libera
646 1298 694 1373 ad
713 1322 771 1373 me
791 1298 972 1373 deferant.
994 1297 1101 1392 Quod
1120 1299 1152 1375 si
1171 1301 1283 1376 nortis
1302 1325 1360 1376 ra·

229 1425 410 1518 tionibus,
428 1425 720 1522 firmissimisque
739 1426 967 1520 argumentis
988 1419 1252 1518 demonstrare,
1279 1451 1362 1526 per·

229 1550 470 1648 suadereque
497 1550 654 1646 singulis
683 1557 849 1649 potuero,
876 1551 1107 1649 propositum
1138 1574 1257 1626 menm
1276 1575 1361 1628 esse

229 1675 507 1754 neeessarium:
526 1698 682 1772 aequum
701 1675 773 1750 erit
790 1699 928 1770 omnen,
961 1673 1129 1777 deposita
1146 1677 1361 1776 pertinenia,

230 1803 398 1901 pedibus
416 1803 454 1878 in
472 1825 589 1878 meam
608 1802 826 1877 sententiam
846 1803 1077 1881 contendere.
1098 1802 1164 1880 Sin
1189 1825 1279 1878 vero
1297 1804 1362 1878 mi-

228 1952 320 2006 nus:
359 1928 533 2027 profiteor
559 1951 618 2002 me
645 1928 781 2004 nemini
812 1928 883 2002 hoo
910 1930 1055 2005 nomine
1074 1930 1149 2003 vim
1167 1930 1361 2020 illaturum,

230 2058 303 2134 sed
321 2055 485 2146 maioris,
505 2055 714 2130 meliorisve
732 2055 852 2155 partis
872 2055 1028 2132 consilia
1044 2056 1155 2132 etiam
1173 2056 1244 2130 hae
1262 2055 1358 2130 inre

229 2185 395 2258 libenter
414 2188 623 2272 seeutnrum
651 2203 747 2260 esse.
785 2183 914 2274 Nemo,
942 2191 982 2258 ut
1007 2182 1151 2279 quidem
1180 2205 1262 2256 mea
1288 2182 1363 2256 fert

231 2310 373 2409 opinio,
410 2308 518 2408 plura
545 2334 569 2385 a
596 2333 653 2385 me
680 2303 762 2385 iu're
788 2310 871 2408 ipso
899 2333 1054 2408 sperare
1082 2316 1222 2409 posset,
1241 2299 1360 2404 'qnam

231 2460 334 2537 quae
353 2457 421 2534 pro
440 2436 584 2511 ratione
603 2437 674 2511 mei
693 2437 865 2529 muneris,
895 2459 966 2534 quo
986 2436 1159 2512 divinitus
1179 2437 1265 2513 dato
1283 2438 1362 2510 fun-

232 2587 318 2661 gor,
336 2570 532 2661 praestare
550 2572 678 2639 teneor
692 2587 701 2656 ;
714 2585 783 2639 neo
800 2565 910 2663 plura
928 2564 974 2638 de
990 2587 1046 2638 me
1059 2562 1363 2661 pollioerevelim,

233 2714 350 2790 quam
370 2713 467 2786 qnae
486 2689 615 2764 debeo.
634 2687 732 2764 lllud
750 2697 881 2764 saneta
899 2690 973 2764 tide
983 2697 1111 2782 testor,
1131 2713 1177 2765 ea
1196 2714 1252 2765 me
1272 2712 1363 2784 erga

231 2819 400 2919 patriam
428 2815 610 2891 charitate
638 2816 836 2890 animatum
865 2839 972 2909 esse,
1002 2838 1240 2915 semperque,
1278 2816 1362 2890 dum

233 2947 381 3034 vixero,
400 2944 491 3026 iore,
510 2950 550 3017 ut
567 2950 730 3033 mortem,
748 2942 853 3018 iuxta
873 2950 985 3040 atque
1005 2944 1116 3018 vitam
1137 2965 1361 3020 communem

233 3071 327 3146 mihi
347 3069 549 3158 vobiscum,
569 3091 614 3143 ae
629 3091 713 3145 oum
731 3069 855 3167 patria
883 3069 941 3144 oui
968 3077 1077 3144 natus
1105 3091 1196 3160 sum,
1216 3089 1362 3166 semper

232 3219 325 3272 esse
343 3193 468 3284 velim,
495 3202 606 3290 atque
633 3193 788 3292 onpiam.
826 3193 925 3285 Quid
952 3195 1048 3269 enim
1077 3193 1280 3291 gloriosius
1297 3215 1361 3266 nn-

232 3345 351 3422 quam
388 3320 660 3418 salumiusque
684 3318 921 3419 Principibus
959 3321 1069 3396 etiam
1106 3320 1205 3419 apud
1235 3341 1358 3395 seram

230 3445 498 3550 posteritatem
516 3468 603 3521 esse
621 3454 760 3543 posset,
779 3469 889 3543 quam
908 3469 976 3544 pro
996 3445 1084 3538 aris,
1104 3468 1149 3520 ao
1166 3445 1272 3538 focis,
1292 3465 1359 3543 pro

232 3578 334 3672 lege,
355 3579 395 3646 et
411 3593 479 3670 pro
497 3596 625 3670 grege,
645 3595 712 3671 pro
730 3573 923 3669 religione,
943 3579 1055 3669 atque
1065 3573 1147 3647 Deo
1156 3571 1249 3671 ipso,
1268 3571 1363 3645 eins·

233 3724 311 3800 que
340 3698 486 3795 gloriae
505 3699 723 3798 patrocinio,
741 3699 775 3772 si
793 3699 998 3773 nenessitas
1025 3699 1078 3772 ita
1095 3697 1230 3790 tulerit,
1249 3696 1362 3776 vitum

230 3825 495 3926 profundere?
515 3825 697 3922 Equidem
735 3826 874 3901 tamdiu
909 3825 1021 3899 velim
1048 3846 1133 3898 esse
1160 3827 1362 3921 superstes,

234 3953 361 4028 donee
381 3951 539 4048 patriam
558 3952 665 4027 video
685 3936 935 4051 superstitem,
954 3974 998 4027 ao
1016 3950 1124 4025 bonis
1144 3948 1301 4046 legibus,
1320 3947 1361 4022 li-

232 4081 462 4174 bertateque
481 4077 690 4153 florentem:
727 4101 773 4153 ea
800 4078 957 4176 perdita
996 4075 1078 4174 quis
1098 4098 1212 4151 sanae
1231 4074 1362 4148 mentis

233 4203 378 4302 cupiat,
397 4203 543 4278 etiamsi
563 4203 721 4279 maxime
737 4204 868 4304 possit,
887 4205 1000 4279 vitam
1026 4201 1209 4294 miseram,
1238 4223 1282 4275 ao
1301 4201 1361 4275 de-

232 4332 396 4407 formem
421 4331 563 4425 agere?
601 4328 676 4407 Sed
693 4353 767 4407 non
787 4339 844 4407 est
873 4339 1006 4424 tamen,
1045 4328 1143 4426 quod
1169 4329 1214 4403 de
1242 4328 1362 4402 salute

231 4456 363 4554 Regni
382 4458 500 4532 nostri
518 4479 672 4556 prorsus
697 4458 936 4559 desperemus
964 4456 1178 4554 animosque
1206 4454 1362 4553 despon-

232 4587 403 4662 deamus.
422 4585 489 4660 ‘En
516 4585 588 4661 hoe
614 4594 779 4687 tempore
808 4584 1044 4664 Christianus
1073 4584 1186 4676 orbis,
1206 4583 1268 4681 qui
1287 4583 1359 4659 iam

230 4715 340 4795 teoto
358 4712 519 4808 foedere,
538 4712 700 4791 unanimi
718 4737 900 4794 consensu
911 4737 1015 4793 arma
1034 4719 1162 4790 eontra
1181 4709 1356 4788 saevissi-
