3625 5534
499 547 549 597 nu
569 549 647 598 aaa.
667 547 751 597 vna
771 546 854 596 nnc.
875 547 923 597 nr.
944 548 976 599 n.
996 547 1020 598 1.
1263 523 1341 598 297

214 730 346 822 egesta
373 731 477 798 terra
496 723 658 813 exstrui,
688 731 726 797 et
753 745 799 797 ex
828 721 875 796 iia
894 729 1078 797 tormenta
1096 723 1134 796 in
1154 721 1342 798 subiectos
1395 771 1398 780 ,

212 872 338 927 muros
357 849 479 947 dirigi.
514 847 590 924 Sed
608 870 688 923 cum
708 849 755 924 ob
774 847 924 922 nimiam
944 847 1196 946 operariorum
1214 849 1338 946 pauci-

215 984 329 1052 tatem
355 974 485 1076 perlici
514 982 647 1074 coepta
673 998 746 1049 non
773 981 939 1072 poscent,
967 996 1035 1048 nec
1063 971 1167 1071 prior
1186 973 1341 1072 irruptio

214 1124 262 1177 ex
289 1101 401 1176 animi
429 1099 613 1176 sententia
640 1099 841 1174 cessisset:
861 1098 986 1175 missia
1007 1097 1094 1174 aliia
1115 1121 1228 1198 anper
1246 1099 1343 1175 alios

215 1227 359 1304 nunciis
388 1235 499 1324 atque
527 1226 658 1317 literis,
689 1225 761 1301 duo
788 1224 906 1300 millia
925 1223 1137 1302 Siculorum
1167 1224 1205 1300 in
1224 1226 1343 1300 subsi-

215 1353 314 1427 dium
342 1352 415 1426 sibi
447 1350 663 1450 aPriucipe
688 1351 783 1426 mitti
810 1359 929 1446 rogat.
968 1352 1001 1426 li
1038 1375 1120 1426 cunr
1139 1352 1341 1438 venissent,

215 1486 360 1554 tentata
377 1501 506 1554 rursus
525 1479 630 1554 irrito
650 1487 782 1554 conatu
806 1477 1024 1575 irruptione,
1042 1484 1147 1553 tanta
1165 1479 1271 1553 clade
1290 1501 1345 1553 re-

215 1604 316 1702 pulsi
335 1614 430 1694 sunt,
449 1606 608 1680 utnulla
634 1603 792 1704 amplius
812 1603 1015 1701 potiundae
1042 1605 1147 1679 urbia
1167 1626 1255 1703 spes
1286 1627 1343 1678 su-

216 1739 397 1827 peresset.
427 1732 489 1806 Ita
505 1730 638 1805 relicta
657 1730 859 1822 obsidione,
888 1751 934 1804 ac
953 1728 1146 1804 obfirmato
1166 1725 1343 1804 Oaanado

218 1863 332 1953 atque
352 1856 490 1947 Arado,
520 1879 593 1952 qna
622 1855 753 1952 cuique
779 1854 984 1952 proximum
1002 1853 1081 1944 fuit,
1109 1876 1345 1948 magnacum

218 1980 438 2056 detrimento
473 1981 578 2057 iuxta
612 1989 723 2079 atque
751 1980 933 2057 dedecore
964 1979 1082 2055 neutri
1109 1979 1148 2053 in
1175 1978 1344 2082 hyberna

215 2105 417 2182 redierunt.

696 2375 884 2387 Μ’·-

538 2609 713 2687 GAPV'P
749 2609 1031 2688 SEPTIMVM.

221 2792 277 2863 De
300 2791 467 2865 (Immotis
484 2782 708 2884 Albensium,
736 2820 780 2865 ac
797 2793 948 2867 comitio
968 2793 1209 2890 resignandae
1235 2791 1346 2864 llam

361 2917 548 3012 ,placatae
564 2944 630 3014 par·
640 2915 818 3014 fraudem
837 2917 984 2992 Joslcue
1003 2917 1200 2992 retardato.

326 3110 587 3189 MDXOVIII.
613 3111 749 3189 Paucis
768 3120 855 3210 post
873 3113 1004 3189 diebus
1029 3113 1169 3188 indicta
1187 3111 1348 3188 Comitia

223 3238 345 3315 Albae
363 3239 481 3314 Iuliae
500 3239 549 3314 ad
567 3237 755 3314 Oalendau
773 3239 981 3315 Ianuarias.
1019 3239 1078 3316 lbi
1106 3247 1193 3339 post
1220 3246 1347 3314 cetera

221 3365 437 3464 provinciae
466 3364 617 3440 decreta
643 3366 823 3461 agitatum
851 3374 910 3441 est
936 3375 962 3441 ‘a
980 3365 1153 3465 Principe
1191 3373 1346 3447 secreto,

220 3515 328 3589 quam
347 3491 395 3566 ob
414 3513 492 3565 rem
509 3492 658 3585 legatos
677 3488 821 3566 Caesar
839 3493 1070 3591 Rudolphna,
1089 3493 1141 3568 uti
1167 3515 1347 3568 convene·

224 3625 294 3710 rat,
316 3617 365 3692 ad
383 3614 541 3693 Comitia
559 3639 632 3692 non
651 3618 813 3704 miserit3
842 3620 944 3694 cuiue
962 3619 1018 3695 rei
1036 3641 1186 3694 caueam
1205 3627 1246 3693 ut
1263 3642 1348 3714 cog-

219 3750 402 3836 nosceret,
430 3741 662 3840 Alpbonuum
680 3741 874 3820 Oarillium
903 3744 1075 3822 celeriter
1104 3743 1151 3818 ad
1182 3745 1345 3843 Impera·

221 3877 340 3944 torem
359 3868 524 3965 ablegat.
554 3868 631 3944 Per
650 3892 731 3944 enm
752 3871 955 3968 cognoscit,
984 3877 1065 3944 arte
1084 3867 1263 3967 Stephani
1282 3869 1348 3946 Jo-

224 3995 327 4069 aicae
345 3991 573 4069 Cancellarii
591 3997 728 4070 lactum
748 3993 786 4071 id
804 4019 900 4091 aare,
936 3997 999 4095 qui
1017 3995 1137 4070 literis
1157 3996 1205 4071 ad
1223 3998 1343 4094 Impe-

221 4127 385 4196 ratorem
405 4119 502 4194 datia
522 4122 785 4198 submonuerat
803 4146 895 4216 eum,
915 4146 960 4197 ne
980 4121 1343 4199 velMaximilianum

219 4243 431 4341 Principem
456 4244 756 4343 Transylvaniae
774 4249 1004 4345 praeficeret,
1032 4248 1093 4323 vel
1119 4269 1210 4321 vero
1229 4248 1346 4323 Boon·

220 4370 347 4446 kaium
375 4372 636 4466 gubernaculis
664 4373 877 4471 provinciae
902 4382 1160 4472 praeponeret.
1198 4374 1349 4472 Alioqui

222 4496 317 4572 enim
345 4496 516 4591 futurum,
544 4504 585 4573 ut
602 4499 895 4575 Maximilianum
913 4500 1164 4599 provinciales
1189 4502 1349 4576 vinctum

222 4619 382 4698 Caesari
401 4625 608 4699 Turcarnm
627 4625 783 4719 mittant,
802 4648 920 4725 eoque
934 4627 1021 4702 fidei
1039 4627 1347 4725 pignoreBarba·

218 4752 271 4828 rie
290 4750 594 4852 reconcilientur.
626 4751 699 4827 Vel
728 4775 816 4828 vero
844 4753 879 4828 ai
896 4753 1108 4832 Booukaina
1135 4775 1256 4830 rerum
1284 4777 1348 4868 po·
