3625 5534
522 539 570 587 un
588 537 670 590 nnn.
692 537 777 588 vno.
798 535 880 588 nuc.
900 536 936 586 x.
955 536 989 586 u.
1010 536 1057 585 nr.
1282 515 1371 592 223-

225 715 512 814 Tergovistum
532 733 665 786 caesos
685 710 820 786 milites
841 717 877 785 et
894 710 1124 786 AliBassam
1142 711 1181 785 in
1201 713 1361 790 servitu-

224 851 307 918 tem
344 839 533 915 redactum
570 817 839 934 coguoverunt,
876 835 1034 910 immane
1073 835 1182 929 dictu,
1221 848 1358 936 quanto

224 966 428 1045 confestim
446 973 589 1039 terrore
607 963 738 1062 panico
758 961 986 1036 consternati
1004 961 1150 1060 fuerint.
1181 961 1233 1040 At
1253 988 1354 1060 vcro,

224 1119 311 1171 cnm
340 1090 642 1194 antecursoribus
669 1098 878 1165 nostrorum
909 1088 1118 1165 Bokoresto
1159 1093 1355 1189 appropin-

225 1219 432 1319 quantibus
452 1213 595 1315 (quiex
613 1215 916 1290 vexillationibus
938 1214 1086 1290 Nicolai
1106 1215 1233 1316 Apaiy
1252 1242 1357 1316 prae·

225 1339 395 1442 iverant)
412 1340 590 1418 hostilem
611 1343 726 1416 aciem
756 1363 1004 1439 conspexere:
1034 1349 1109 1416 tum
1139 1365 1229 1419 vero
1248 1346 1360 1444 trepi-

222 1472 331 1564 dare,
351 1477 587 1544 manerentne
608 1491 656 1542 an
683 1471 855 1564 sugerent
882 1467 1063 1560 dubitare,
1083 1469 1227 1568 etquid
1247 1472 1358 1574 tacto,

222 1598 415 1674 infectove
444 1617 537 1694 opus
557 1595 615 1688 sit,
645 1593 822 1668 attonitus
859 1616 985 1668 secum
1004 1593 1221 1691 disquirere.
1259 1596 1361 1673 Vicit

225 1723 384 1800 tandem
403 1724 552 1797 fortuna
570 1720 767 1819 Principis,
800 1727 837 1795 et
865 1719 993 1795 fatalis
1029 1720 1097 1796 illa
1115 1717 1239 1820 (quam
1258 1702 1359 1802 mille

224 1851 305 1926 iam
337 1849 485 1925 circiter
514 1847 691 1925 annorum
719 1843 923 1922 sceleribus
950 1844 1255 1948 promeruerant),
1285 1851 1359 1928 Nc·

225 1975 347 2051 meeis
367 1975 599 2072 quantumvis
618 1981 767 2048 ruentes
786 1972 1017 2071 impraeceps
1029 1996 1142 2070 agere
1160 1977 1358 2073 praestitit.

223 2099 316 2176 Vno
337 2101 433 2176 euim
453 2123 578 2176 omues
598 2121 792 2191 consensu,
822 2097 929 2196 quasi
958 2098 1043 2173 dato
1073 2097 1120 2173 ad
1139 2101 1356 2200 capiendam

221 2230 358 2326 fugam
377 2228 551 2318 classico,
571 2225 840 2324 impedimentis
850 2224 1186 2324 plerisquepartim
1201 2227 1353 2324 relictis,

222 2353 377 2451 partim,
406 2377 453 2428 ue
472 2352 554 2428 usui
574 2373 659 2427 esse
678 2358 842 2449 possent,
864 2351 1060 2448 corruptis,
1089 2376 1213 2428 arcem
1232 2353 1357 2433 incen-

223 2502 310 2555 sam
347 2479 532 2570 deserunt,
557 2486 597 2554 ,et
629 2499 702 2574 qua
731 2477 861 2573 cuique
880 2476 1086 2574 proximum
1106 2481 1356 2558 commodissi-

224 2628 401 2703 mumque
413 2604 617 2698 videbatur,
638 2603 841 2699 diffugiunt.
863 2602 1071 2700 Antequam
1090 2612 1212 2681 tamen
1231 2609 1357 2706 fugam

222 2733 376 2822 inirent,
396 2729 796 2828 magnificentissimum
817 2728 1001 2827 quoddam
1019 2733 1193 2832 templum
1210 2735 1259 2810 ab
1271 2733 1357 2810 Ale-

221 2858 374 2932 xaudro
402 2865 487 2932 ante
507 2855 727 2932 Michaelem
757 2855 867 2930 tertio
889 2856 1163 2956 Trausalpinae
1183 2860 1357 2956 Vujvoda

219 2983 422 3076 conditum,
452 2983 513 3081 qui
532 2983 660 3081 paucis
689 2989 774 3057 aute
794 2981 900 3056 aunis
930 2981 977 3056 ad
995 2981 1109 3081 impia
1128 2984 1350 3062 Mahometis

221 3133 341 3184 sacra
361 3109 588 3202 deseruerat,
609 3116 645 3183 et
665 3115 750 3182 tuuc
770 3107 893 3182 socius
905 3107 1242 3186 administratorum
1270 3137 1354 3187 eon-

219 3236 392 3310 siliorum
412 3231 548 3310 Sinauo
568 3234 717 3310 additus
737 3231 1089 3327 e1·at,iussuSiuani
1108 3235 1260 3334 pulvere
1279 3245 1353 3313 tor-

222 3361 409 3437 mentatio
430 3361 483 3436 ita
500 3361 749 3437 fundamentis
778 3360 904 3458 templi
925 3361 1105 3454 subiecto,
1137 3370 1178 3438 ut
1205 3372 1354 3440 nostros

221 3489 317 3564 illuc
338 3487 536 3580 subituros,
554 3495 706 3586 repente
725 3486 892 3561 incendio
913 3487 1120 3580 conticeret,
1141 3490 1355 3589 absumpse-

221 3622 323 3692 runt.
347 3613 552 3708 Fugientes
571 3613 742 3702 Barbari,
762 3636 807 3687 ne
827 3613 1108 3711 insequentibus
1126 3617 1265 3693 nostris
1284 3619 1355 3694 iter

221 3747 386 3841 pateret,
406 3749 549 3838 pontes,
578 3764 651 3838 qua
670 3739 931 3830 discesserant,
961 3741 1118 3833 diruunt,
1148 3767 1267 3841 eaque
1297 3769 1355 3819 ra·

220 3869 328 3943 tione
349 3867 385 3940 in
406 3875 520 3941 tutum
540 3866 643 3942 abire
663 3873 850 3942 conantur.
872 3865 947 3940 Sed
966 3867 1117 3943 vicisset
1136 3868 1353 3967 hicquoque

220 3995 378 4072 fortuna
397 3988 603 4067 Christiani
623 3992 779 4067 nominis
800 4015 925 4067 eorum
945 3994 1130 4082 astutiam,
1161 4017 1271 4091 quam
1299 4003 1354 4072 tot

220 4117 364 4196 seculis
385 4117 421 4190 in
440 4118 624 4215 publicam
644 4118 771 4215 populi
791 4118 898 4192 huius
918 4141 1074 4215 poenam
1096 4119 1353 4217 divinaprovi-

220 4245 354 4321 deutia
374 4244 662 4319 secundaverat:
691 4245 763 4319 nisi
792 4243 904 4319 nimia
933 4244 1120 4343 copiarum
1143 4255 1353 4323 nostrarum

218 4355 413 4460 tarditate
442 4391 536 4466 quae
556 4393 603 4444 cx
627 4376 726 4444 metu
755 4369 952 4445 Sinauicae
980 4372 1123 4446 lraudis
1141 4372 1351 4471 proficisce-

145 4541 150 4548 ·
218 4499 347 4586 batur,
367 4495 513 4570 occasio
524 4495 753 4595 opprimendi
773 4518 838 4571 eos
855 4495 1076 4572 effluxisset.
1107 4498 1246 4575 Audita
1255 4500 1352 4573 Tur·

219 4644 352 4726 carum
388 4621 479 4716 fuga
516 4619 708 4719 Princeps,
747 4622 934 4720 missaque
972 4621 1165 4721 aliquanta
1203 4646 1353 4701 suorum

218 4771 345 4842 manu,
365 4746 574 4822 Bokoresto
595 4748 744 4846 potitus,
765 4750 951 4845 ingentem
973 4759 1244 4844 tormentorum,
1274 4753 1352 4849 pul-
