3625 5534
459 463 534 542 186
857 487 905 540 10.
924 487 1026 539 onon
1042 489 1194 542 nneovn

455 671 496 738 ut
514 663 631 738 salvis
650 663 868 760 corporibus
888 663 994 738 abire
1011 664 1151 738 lioeret.
1178 664 1239 739 Ita
1267 667 1431 763 ingressi
1461 669 1580 742 nostri

455 809 579 864 aroem
597 797 789 887 oooupant,
808 796 846 863 et
865 789 1013 864 'Puroas
1032 815 1080 867 ex
1098 799 1289 889 compacto
1312 793 1399 868 inde
1426 795 1580 868 eductos

454 914 638 990 dimittere
656 920 830 990 statuunt
856 912 934 989 Sed
951 937 1033 990 eum
1059 914 1259 1012 probibere
1286 913 1479 1014 Georgius
1506 943 1580 994 uon

454 1048 594 1136 posset,
611 1063 660 1114 ne
677 1040 752 1113 vim
771 1039 826 1113 eis
845 1040 956 1114 liberi
972 1040 1119 1138 pedites
1136 1040 1327 1133 inferrent,
1353 1043 1464 1118 borto
1492 1067 1581 1140 quo

455 1167 541 1240 dam
558 1166 714 1264 primum
731 1165 878 1258 includi,
906 1165 1042 1241 deinde
1068 1166 1108 1240 in
1135 1190 1259 1242 areem
1287 1167 1429 1254 deduci,
1455 1170 1582 1266 ibique

455 1292 598 1368 vinctos
617 1291 806 1367 asservari
833 1290 954 1383 iussit,
982 1292 1099 1367 donee
1126 1292 1211 1389 quie
1237 1301 1393 1367 eventus
1420 1292 1581 1392 proximi

457 1439 539 1490 oum
575 1415 882 1490 Tbmdsveriensi
910 1415 1036 1490 Bassa
1072 1416 1264 1491 oonfliotus
1293 1425 1396 1492 esset
1424 1417 1581 1506 tuturus,

455 1563 563 1637 quem
589 1540 664 1616 iam
692 1540 894 1616 adventare
913 1549 1138 1640 compertum
1157 1546 1248 1634 erat,
1277 1551 1578 1638 eognosoeretur.

455 1665 612 1741 Factum
629 1664 701 1743 hoe
717 1666 789 1741 fuit
807 1666 877 1742 die.
898 1723 907 1740 .
925 1720 934 1737 .
957 1721 966 1737 .

914 1948 1123 1961 -ἱ

816 2180 991 2259 CAPVT
1020 2181 1222 2259 NONVM.

458 2367 517 2438 De
536 2365 740 2468 profliqoto
772 2365 1081 2439 Tiimo'svariensis
1111 2366 1246 2438 Baetae
1264 2369 1437 2458 exercito,
1465 2368 1584 2463 cam
1731 2348 1732 2371 2

638 2597 644 2610 ,
734 2491 910 2586 Lippemg
929 2517 972 2563 ae
990 2489 1168 2564 Ieneieosi
1187 2489 1304 2589 Beqie.

566 2665 686 2766 Capto
718 2669 757 2743 in
783 2669 880 2743 huno
906 2667 1052 2744 modum
1087 2666 1288 2760 Faoaiado‚
1325 2668 1434 2764 eique
1471 2669 1584 2743 Petro
1731 2712 1732 2717 Ν

460 2793 689 2871 Barrabbsio
701 2794 793 2870 duee
803 2794 964 2892 peditum
974 2792 1079 2869 rubei
1091 2791 1231 2868 ordinis
1241 2791 1280 2865 in
1291 2792 1517 2868 Maroeiensi
1528 2815 1584 2867 se·

461 2921 516 3013 de,
527 2920 753 3019 praeposito,
765 2927 865 2995 oerte
876 2926 915 2994 et
923 2919 997 3018 pio,
1007 2924 1045 2993 et
1053 2941 1128 2994 non
1146 2916 1266 2992 minus
1285 2917 1464 3008 consiliis,
1476 2941 1584 3014 quam
1731 2954 1732 2957 κ

458 3071 569 3123 manu
577 3053 758 3146 prompto,
770 3068 964 3143 rerumque
975 3044 1195 3121 bellicarum
1214 3042 1446 3140 experientia
1455 3042 1583 3118 laude-

460 3174 614 3268 tissimo,
643 3171 836 3270 dispositis
856 3170 941 3245 hine
959 3168 1043 3244 inde
1063 3167 1288 3260 custodibus,
1299 3166 1584 3263 diligentissime

461 3320 587 3374 omnes
606 3299 766 3396 vigilare
791 3294 983 3393 Georgius
999 3295 1119 3387 iussit,
1138 3293 1238 3369 baud
1255 3292 1410 3389 ignarus
1431 3294 1587 3367 Tomos-

460 3422 669 3498 variensem
687 3422 1018 3497 Faoziadiensibus
1045 3418 1212 3496 subsidio
1239 3427 1443 3493 venturum.
1472 3415 1587 3490 Prae·

460 3548 613 3624 miseret
623 3545 811 3644 Georgius
823 3546 873 3621 ad
891 3544 1069 3623 exeubias
1087 3545 1249 3618 selectos
1267 3543 1411 3641 aliquot
1429 3541 1587 3638 equites,

462 3677 554 3750 duee
572 3675 713 3750 Ioanne
728 3671 893 3768 Lugosio
912 3677 1089 3745 veterano
1108 3670 1301 3760 bellatore,
1321 3667 1451 3763 eisque
1469 3665 1588 3741 iusse-

460 3808 520 3878 rat
537 3807 578 3876 ut
586 3799 783 3875 adventum
795 3796 1046 3873 Barbarorum
1065 3802 1207 3870 mature
1227 3793 1301 3868 sibi
1320 3791 1588 3888 significarent.

461 3927 524 4002 Illi
560 3925 737 4002 mandata
771 3924 930 4000 fideliter
976 3921 1131 4014 exeunti,
1175 3919 1294 4018 primo
1341 3917 1502 3992 dilueulo
1548 3916 1587 3988 in

463 4060 589 4128 eastra
607 4052 772 4142 redeunt,
792 4059 829 4127 et
847 4051 1007 4126 Bassam
1025 4069 1107 4121 eum
1134 4068 1272 4142 magna
1300 4064 1411 4116 manu
1437 4040 1588 4116 iamiam

462 4179 578 4255 affore
606 4177 790 4252 nunoiaut.
819 4173 1021 4272 Georgius,
1049 4194 1130 4246 oum
1156 4169 1296 4245 nullam
1324 4167 1436 4242 aliam
1455 4165 1589 4241 salutis

462 4303 641 4379 rationem
662 4302 814 4393 videret,
834 4324 943 4399 quam
964 4298 1117 4397 quaein
1145 4297 1279 4370 dextra
1307 4291 1453 4367 viotrioi
1478 4292 1589 4381 foret,

462 4428 632 4525 quamvis
667 4427 839 4503 hostibus
877 4447 1028 4502 numero
1055 4424 1196 4521 impar:
1233 4428 1356 4496 tamen
1383 4414 1589 4492 subsidium

463 4555 511 4628 ab
530 4553 643 4629 animi
666 4553 918 4651 magnitudine
947 4551 1160 4627 sumendum
1187 4554 1305 4640 ratus,
1332 4567 1411 4619 rem
1436 4564 1589 4642 pugnae

463 4679 593 4756 statuit
611 4678 848 4754 committere.
858 4676 1021 4753 Proinde
1040 4677 1129 4753 dato
1149 4674 1258 4770 siguo
1278 4690 1405 4749 omnes
1424 4668 1474 4743 ad
1484 4689 1589 4743 arma
