3625 5534
467 453 543 520 LVI
859 449 1206 519 oscorrtnosinuru

469 637 673 736 despiciant
691 637 775 736 ipsi,
796 619 993 710 sedetiam
1012 633 1167 709 aliorum
1187 657 1336 734 operam
1355 659 1399 710 ac
1419 635 1599 712 industri·

470 789 528 841 am
547 765 584 838 in
604 765 673 839 boc
692 763 893 838 studiorum
914 785 1052 858 genere
1072 762 1230 861 positam
1254 763 1342 840 vitio
1363 772 1602 839 vertereuon

470 900 677 969 vereantur.
698 891 778 966 Nec
796 899 855 966 est
874 888 971 988 quod
990 890 1077 964 mibi
1097 890 1179 987 quis
1195 890 1355 982 obiiciat,
1375 892 1470 967 baec
1489 913 1604 967 anco

469 1021 542 1096 mia
561 1019 598 1094 in
617 1018 771 1117 imperio
800 1017 966 1094 Romano
996 1018 1041 1094 de
1069 1016 1216 1112 legibus
1240 1018 1491 1117 imperatoriis
1510 1045 1603 1097 con·

473 1145 639 1222 cedenda
658 1167 742 1220 csse
756 1145 821 1246 :uin
850 1142 1021 1241 Vngaria
1051 1151 1089 1220 et
1116 1143 1406 1243 Trausylvania‚
1443 1146 1508 1221 ubi
1535 1149 1599 1222 ius

470 1272 577 1348 civile
595 1294 667 1347 non
686 1271 916 1364 observetur,
953 1269 1095 1346 nullum
1125 1271 1271 1367 penitus
1299 1269 1419 1348 locum
1437 1272 1595 1349 habere.

471 1398 650 1492 Quamvis
669 1397 766 1473 enim
785 1399 899 1473 multa
927 1396 1004 1472 sint
1021 1396 1060 1470 in
1078 1397 1165 1482 iure,
1177 1394 1357 1488 Romano,
1378 1421 1473 1494 quae
1492 1398 1598 1496 apud

471 1549 539 1602 nos
568 1522 705 1601 nullum
733 1547 836 1600 usum
866 1524 1052 1599 habeant:
1078 1532 1201 1598 tamen
1228 1523 1375 1599 dubium
1410 1549 1483 1602 uon
1521 1533 1597 1612 est,

473 1651 557 1750 quin
578 1648 750 1747 quicquid
767 1649 955 1738 bonarum,
969 1656 1165 1741 rectarum,
1186 1648 1449 1726 salutariumve
1466 1651 1597 1746 legum

473 1777 636 1853 Decreta
656 1773 847 1873 Vngarica
865 1771 1012 1868 habent,
1041 1774 1077 1848 id
1107 1796 1214 1850 omne
1232 1797 1278 1849 ex
1307 1777 1388 1851 iure
1423 1775 1597 1853 Romano

472 1910 738 2000 transumptum
767 1899 826 1976 sit.
866 1901 944 1974 lmo
972 1899 1143 1998 quicquid
1170 1924 1369 1978 naevorum
1398 1927 1443 1978 ao
1472 1903 1598 1981 defec-

472 2040 570 2107 tuum
590 2029 694 2124 leges
713 2035 863 2103 nostrae
882 2025 1081 2114 continent,
1107 2027 1239 2124 quibus
1257 2029 1355 2105 iusto
1374 2030 1459 2128 plus
1478 2032 1598 2108 abun·

474 2159 571 2248 dant,
592 2156 630 2231 id
648 2162 748 2230 certe
766 2136 912 2229 nonnisi
931 2177 977 2228 ex
996 2153 1056 2228 bis
1079 2155 1173 2252 ipsis
1192 2155 1351 2231 Romani
1371 2157 1463 2233 iuris
1483 2159 1598 2234 fonti·

472 2288 543 2363 bus
571 2281 708 2380 corrigi
736 2279 973 2380 supplerique
1000 2288 1133 2378 potest.
1172 2281 1244 2356 Est
1276 2282 1371 2357 enim
1398 2283 1456 2359 ius
1483 2285 1599 2362 civile

474 2411 581 2510 quasi
598 2430 734 2506 parcns
752 2413 790 2481 et
819 2405 993 2484 Oceanus
1012 2404 1169 2482 omnium
1190 2407 1460 2506 municipalium
1479 2419 1599 2488 statu-

473 2547 602 2627 torum,
623 2556 717 2632 quae
735 2554 807 2629 quo
826 2530 978 2631 propius
996 2530 1044 2603 ad
1063 2533 1286 2629 aequitatem
1304 2533 1385 2610 eius
1405 2538 1598 2628 accedunt,

475 2686 519 2738 ec
537 2660 698 2738 rectiora
733 2665 833 2734 certe
853 2665 891 2734 et
908 2657 1132 2755 perfectiora
1168 2660 1270 2734 fiunt.
1311 2658 1362 2735 At
1385 2661 1484 2739 dicat
1509 2666 1599 2762 quis

474 2787 769 2866 reformationem
787 2783 1023 2860 nihilomiuus
1047 2784 1199 2860 Decreti
1218 2786 1400 2883 Vngarioi
1419 2795 1474 2866 tot
1492 2813 1600 2866 secu·

473 2917 589 2998 lorum
609 2935 790 2990 consensu
810 2910 1015 2988 confirmati
1042 2911 1182 2986 frustm
1208 2914 1344 2988 tentari
1372 2915 1420 2990 ab
1449 2916 1600 2993 bomine

475 3045 630 3144 privato,
650 3049 687 3116 ct
706 3061 750 3116 eo
770 3038 929 3137 quidem,
950 3037 1012 3135 qui
1030 3061 1212 3135 nunquam
1230 3038 1267 3112 in
1277 3039 1361 3117 foro
1380 3039 1600 3120 iudiciorum

475 3179 646 3248 versatus
682 3168 742 3245 sit.
777 3167 957 3265 Equidem
994 3165 1114 3256 fateor
1150 3173 1288 3241 tanturn
1317 3168 1354 3242 in
1391 3169 1601 3269 Republica

476 3295 763 3376 contendendum
792 3291 928 3368 homini
955 3292 1222 3384 cordato‘esae
1252 3301 1424 3389 quantum
1452 3294 1600 3372 ratione

477 3421 629 3525 probari
674 3419 964 3518 persuaderique
1009 3418 1152 3494 civibus
1180 3418 1341 3530 possit„
1364 3419 1437 3496 vim
1477 3442 1600 3517 neque

477 3549 630 3649 patriae,
649 3568 769 3643 neque
786 3543 943 3642 parenti,
961 3549 1002 3618 ut
1021 3542 1129 3618 Plato
1149 3545 1318 3637 consulit,
1339 3547 1472 3621 afferre
1490 3567 1599 3645 opor-

477 3683 567 3752 tere.
597 3671 758 3749 Proinde
786 3671 820 3746 si
839 3671 922 3768 quis
940 3670 1105 3766 privatus
1134 3678 1171 3745 et
1198 3672 1378 3748 obscurus
1404 3673 1599 3750 homuncio

478 3827 525 3881 cx
541 3801 672 3878 c'mbra
690 3797 855 3874 literaria
872 3819 1097 3896 progressus
1115 3796 1168 3872 ita
1180 3797 1475 3875 reformationem
1485 3799 1598 3896 patrii

479 3928 569 4006 iuris
589 3926 806 4017 institueret,
826 3931 867 4000 ut
884 3922 1117 4020 novasleges
1136 3923 1306 4012 condere,
1327 3945 1465 4021 easque
1482 3926 1600 4002 invito

486 4054 623 4154 populo
642 4047 896 4129 observandas
914 4049 1103 4149 imponere
1121 4055 1338 4125 conaretur:
1358 4073 1405 4125 an
1423 4051 1485 4126 hic

695 4189 844 4258 Spectatum
854 4188 962 4240 admisci
977 4191 1059 4240 risum
1071 4190 1183 4243 teneatis
1196 4190 1275 4240 amici
1285 4192 1298 4239 ?

480 4305 814 4386 verumenimvero
826 4303 859 4380 si
870 4303 953 4402 quis
971 4325 1015 4379 eo
1025 4323 1094 4380 sua
1103 4303 1226 4380 studia
1236 4303 1382 4400 dirigat,
1400 4313 1441 4382 ut
1449 4306 1602 4382 meliora

479 4431 666 4534 prioribus
684 4452 750 4508 seu
778 4428 943 4524 consilia!
971 4451 1037 4506 reu
1064 4429 1232 4507 instituta
1258 4430 1367 4508 iustis
1394 4431 1602 4511 rationibus

484 4559 624 4638 volenti
636 4557 780 4657 patriae
797 4557 943 4657 privato
953 4557 1074 4634 studio
1083 4558 1310 4656 persuadere
1329 4566 1498 4636 conetur:
1519 4581 1602 4636 sum

481 4707 552 4788 ego
582 4707 655 4762 non
681 4682 980 4784 reprehensione,
1008 4681 1075 4760 aed
1103 4682 1274 4761 laudibus
1302 4707 1348 4761 ac
1365 4683 1529 4786 praemio
1548 4684 1601 4762 di-
