<?xml version="1.0" encoding="UTF-8"?>
<!DOCTYPE html PUBLIC "-//W3C//DTD XHTML 1.0 Transitional//EN"
    "http://www.w3.org/TR/xhtml1/DTD/xhtml1-transitional.dtd">
<html xmlns="http://www.w3.org/1999/xhtml" xml:lang="en" lang="en">
 <head>
  <title>
</title>
<meta http-equiv="Content-Type" content="text/html;charset=utf-8" />
  <meta name='ocr-system' content='tesseract 3.04.00' />
  <meta name='ocr-capabilities' content='ocr_page ocr_carea ocr_par ocr_line ocrx_word'/>
</head>
<body>
  <div class='ocr_page' id='page_1' title='image "./magyarhistorija00decsgoog_0320.png"; bbox 0 0 3625 5534; ppageno 0'>
   <div class='ocr_carea' id='block_1_1' title="bbox 499 481 1241 561">
    <p class='ocr_par' dir='ltr' id='par_1_1' title="bbox 499 481 1241 561">
     <span class='ocr_line' id='line_1_1' title="bbox 499 481 1241 561; baseline 0 -4"><span class='ocrx_word' id='word_1_1' title='bbox 499 481 576 558; x_wconf 82' lang='lat'>230</span> <span class='ocrx_word' id='word_1_2' title='bbox 901 509 951 561; x_wconf 89' lang='lat'>10.</span> <span class='ocrx_word' id='word_1_3' title='bbox 972 509 1073 561; x_wconf 85' lang='lat' dir='ltr'>nscu</span> <span class='ocrx_word' id='word_1_4' title='bbox 1091 505 1241 558; x_wconf 79' lang='lat' dir='ltr'>nssovn</span> 
     </span>
    </p>
   </div>
   <div class='ocr_carea' id='block_1_2' title="bbox 399 680 1722 4812">
    <p class='ocr_par' dir='ltr' id='par_1_2' title="bbox 399 680 1722 4812">
     <span class='ocr_line' id='line_1_2' title="bbox 500 680 1611 778; baseline 0.001 -22"><span class='ocrx_word' id='word_1_5' title='bbox 500 680 637 778; x_wconf 79' lang='lat' dir='ltr'>posuit,</span> <span class='ocrx_word' id='word_1_6' title='bbox 668 681 849 778; x_wconf 87' lang='lat' dir='ltr'>simulque</span> <span class='ocrx_word' id='word_1_7' title='bbox 880 684 951 758; x_wconf 92' lang='lat' dir='ltr'>duo</span> <span class='ocrx_word' id='word_1_8' title='bbox 981 685 1126 759; x_wconf 84' lang='lat' dir='ltr'>circiter</span> <span class='ocrx_word' id='word_1_9' title='bbox 1154 682 1272 756; x_wconf 91' lang='lat' dir='ltr'>millia</span> <span class='ocrx_word' id='word_1_10' title='bbox 1308 681 1497 758; x_wconf 88' lang='lat' dir='ltr'>ininsula</span> <span class='ocrx_word' id='word_1_11' title='bbox 1534 704 1611 758; x_wconf 91' lang='lat' dir='ltr'>con·</span> 
     </span>
     <span class='ocr_line' id='line_1_3' title="bbox 498 807 1611 907; baseline -0.001 -25"><span class='ocrx_word' id='word_1_12' title='bbox 498 807 632 882; x_wconf 80' lang='lat' dir='ltr'>sistere</span> <span class='ocrx_word' id='word_1_13' title='bbox 667 807 786 898; x_wconf 88' lang='lat' dir='ltr'>iussit,</span> <span class='ocrx_word' id='word_1_14' title='bbox 817 810 889 905; x_wconf 91' lang='lat' dir='ltr'>qui,</span> <span class='ocrx_word' id='word_1_15' title='bbox 937 811 970 884; x_wconf 93' lang='lat' dir='ltr'>si</span> <span class='ocrx_word' id='word_1_16' title='bbox 1007 811 1126 886; x_wconf 84' lang='lat' dir='ltr'>nostri</span> <span class='ocrx_word' id='word_1_17' title='bbox 1145 816 1294 907; x_wconf 90' lang='lat' dir='ltr'>pontem</span> <span class='ocrx_word' id='word_1_18' title='bbox 1311 808 1551 906; x_wconf 88' lang='lat' dir='ltr'>interceptnri</span> <span class='ocrx_word' id='word_1_19' title='bbox 1569 808 1611 882; x_wconf 89' lang='lat' dir='ltr'>ir-</span> 
     </span>
     <span class='ocr_line' id='line_1_4' title="bbox 496 932 1717 1031; baseline 0 -24"><span class='ocrx_word' id='word_1_20' title='bbox 496 939 653 1013; x_wconf 78' lang='lat' dir='ltr'>ruerent,</span> <span class='ocrx_word' id='word_1_21' title='bbox 674 952 799 1007; x_wconf 90' lang='lat' dir='ltr'>eorum</span> <span class='ocrx_word' id='word_1_22' title='bbox 818 933 989 1031; x_wconf 89' lang='lat' dir='ltr'>impetus,</span> <span class='ocrx_word' id='word_1_23' title='bbox 1008 943 1048 1009; x_wconf 88' lang='lat' dir='ltr'>ut</span> <span class='ocrx_word' id='word_1_24' title='bbox 1066 934 1211 1009; x_wconf 89' lang='lat' dir='ltr'>interim</span> <span class='ocrx_word' id='word_1_25' title='bbox 1242 932 1371 1031; x_wconf 92' lang='lat' dir='ltr'>copiae</span> <span class='ocrx_word' id='word_1_26' title='bbox 1390 933 1612 1008; x_wconf 87' lang='lat' dir='ltr'>Barbaricae</span> <span class='ocrx_word' id='word_1_27' title='bbox 1716 954 1717 965; x_wconf 52' lang='lat'>¹</span> 
     </span>
     <span class='ocr_line' id='line_1_5' title="bbox 499 1043 1613 1156; baseline 0 -24"><span class='ocrx_word' id='word_1_28' title='bbox 499 1057 670 1132; x_wconf 89' lang='lat' dir='ltr'>traiicere</span> <span class='ocrx_word' id='word_1_29' title='bbox 699 1043 861 1156; x_wconf 81' lang='lat' dir='ltr'>possent,</span> <span class='ocrx_word' id='word_1_30' title='bbox 890 1060 1040 1134; x_wconf 91' lang='lat' dir='ltr'>summis</span> <span class='ocrx_word' id='word_1_31' title='bbox 1069 1060 1263 1136; x_wconf 89' lang='lat' dir='ltr'>conatibus</span> <span class='ocrx_word' id='word_1_32' title='bbox 1291 1060 1535 1147; x_wconf 82' lang='lat' dir='ltr'>retardarent,</span> <span class='ocrx_word' id='word_1_33' title='bbox 1564 1082 1613 1133; x_wconf 92' lang='lat' dir='ltr'>re-</span> 
     </span>
     <span class='ocr_line' id='line_1_6' title="bbox 500 1185 1718 1280; baseline -0.002 -22"><span class='ocrx_word' id='word_1_34' title='bbox 500 1205 712 1280; x_wconf 89' lang='lat' dir='ltr'>moramque</span> <span class='ocrx_word' id='word_1_35' title='bbox 731 1185 777 1259; x_wconf 92' lang='lat' dir='ltr'>iis</span> <span class='ocrx_word' id='word_1_36' title='bbox 796 1186 999 1262; x_wconf 89' lang='lat' dir='ltr'>iniicerent.</span> <span class='ocrx_word' id='word_1_37' title='bbox 1025 1187 1096 1262; x_wconf 88' lang='lat' dir='ltr'>His</span> <span class='ocrx_word' id='word_1_38' title='bbox 1116 1189 1284 1262; x_wconf 91' lang='lat' dir='ltr'>omnibus</span> <span class='ocrx_word' id='word_1_39' title='bbox 1312 1186 1384 1262; x_wconf 89' lang='lat' dir='ltr'>hoo</span> <span class='ocrx_word' id='word_1_40' title='bbox 1404 1186 1523 1262; x_wconf 83' lang='lat' dir='ltr'>effecit</span> <span class='ocrx_word' id='word_1_41' title='bbox 1541 1209 1614 1259; x_wconf 87' lang='lat' dir='ltr'>ver·</span> <span class='ocrx_word' id='word_1_42' title='bbox 1717 1224 1718 1255; x_wconf 58' lang='lat' dir='ltr'>t</span> 
     </span>
     <span class='ocr_line' id='line_1_7' title="bbox 500 1309 1615 1412; baseline 0.002 -28"><span class='ocrx_word' id='word_1_43' title='bbox 500 1309 710 1385; x_wconf 81' lang='lat' dir='ltr'>autissimus</span> <span class='ocrx_word' id='word_1_44' title='bbox 730 1333 856 1404; x_wconf 83' lang='lat' dir='ltr'>senex,</span> <span class='ocrx_word' id='word_1_45' title='bbox 878 1321 915 1388; x_wconf 88' lang='lat' dir='ltr'>et</span> <span class='ocrx_word' id='word_1_46' title='bbox 933 1314 1102 1407; x_wconf 85' lang='lat' dir='ltr'>omnium,</span> <span class='ocrx_word' id='word_1_47' title='bbox 1124 1315 1184 1412; x_wconf 90' lang='lat' dir='ltr'>qui</span> <span class='ocrx_word' id='word_1_48' title='bbox 1213 1321 1343 1390; x_wconf 88' lang='lat' dir='ltr'>nostra</span> <span class='ocrx_word' id='word_1_49' title='bbox 1371 1321 1495 1389; x_wconf 86' lang='lat' dir='ltr'>aetate</span> <span class='ocrx_word' id='word_1_50' title='bbox 1522 1314 1615 1387; x_wconf 81' lang='lat' dir='ltr'>vixe-</span> 
     </span>
     <span class='ocr_line' id='line_1_8' title="bbox 498 1436 1719 1547; baseline 0.001 -38"><span class='ocrx_word' id='word_1_51' title='bbox 498 1441 593 1526; x_wconf 85' lang='lat' dir='ltr'>runt,</span> <span class='ocrx_word' id='word_1_52' title='bbox 624 1436 784 1512; x_wconf 85' lang='lat' dir='ltr'>bellator</span> <span class='ocrx_word' id='word_1_53' title='bbox 812 1440 1164 1539; x_wconf 80' lang='lat' dir='ltr'>experientissimus,</span> <span class='ocrx_word' id='word_1_54' title='bbox 1204 1464 1250 1515; x_wconf 90' lang='lat' dir='ltr'>ne</span> <span class='ocrx_word' id='word_1_55' title='bbox 1278 1439 1398 1514; x_wconf 87' lang='lat' dir='ltr'>nostri</span> <span class='ocrx_word' id='word_1_56' title='bbox 1433 1438 1615 1514; x_wconf 86' lang='lat' dir='ltr'>celeritate</span> <span class='ocrx_word' id='word_1_57' title='bbox 1718 1464 1719 1547; x_wconf 74' lang='lat' dir='ltr'>l</span> 
     </span>
     <span class='ocr_line' id='line_1_9' title="bbox 500 1552 1719 1665; baseline 0.003 -33"><span class='ocrx_word' id='word_1_58' title='bbox 500 1559 669 1636; x_wconf 88' lang='lat' dir='ltr'>adhibita</span> <span class='ocrx_word' id='word_1_59' title='bbox 696 1564 854 1639; x_wconf 71' lang='lat' dir='ltr'>transbu</span> <span class='ocrx_word' id='word_1_60' title='bbox 884 1565 1085 1659; x_wconf 89' lang='lat' dir='ltr'>Barbaros,</span> <span class='ocrx_word' id='word_1_61' title='bbox 1123 1569 1222 1665; x_wconf 90' lang='lat' dir='ltr'>quod</span> <span class='ocrx_word' id='word_1_62' title='bbox 1255 1569 1380 1641; x_wconf 83' lang='lat' dir='ltr'>faeere</span> <span class='ocrx_word' id='word_1_63' title='bbox 1417 1571 1616 1664; x_wconf 81' lang='lat' dir='ltr'>potuerant,</span> <span class='ocrx_word' id='word_1_64' title='bbox 1718 1552 1719 1625; x_wconf 46' lang='lat' dir='ltr'>l</span> 
     </span>
     <span class='ocr_line' id='line_1_10' title="bbox 498 1688 1617 1793; baseline 0.004 -32"><span class='ocrx_word' id='word_1_65' title='bbox 498 1688 746 1785; x_wconf 91' lang='lat' dir='ltr'>prohiberent.</span> <span class='ocrx_word' id='word_1_66' title='bbox 786 1689 877 1766; x_wconf 87' lang='lat' dir='ltr'>Oum</span> <span class='ocrx_word' id='word_1_67' title='bbox 915 1695 1009 1770; x_wconf 94' lang='lat' dir='ltr'>enim</span> <span class='ocrx_word' id='word_1_68' title='bbox 1037 1695 1217 1793; x_wconf 85' lang='lat' dir='ltr'>Princeps</span> <span class='ocrx_word' id='word_1_69' title='bbox 1252 1696 1447 1770; x_wconf 86' lang='lat' dir='ltr'>itineribus</span> <span class='ocrx_word' id='word_1_70' title='bbox 1476 1700 1617 1792; x_wconf 89' lang='lat' dir='ltr'>propter</span> 
     </span>
     <span class='ocr_line' id='line_1_11' title="bbox 499 1813 1720 1919; baseline 0.002 -31"><span class='ocrx_word' id='word_1_71' title='bbox 499 1813 640 1889; x_wconf 87' lang='lat' dir='ltr'>viarum</span> <span class='ocrx_word' id='word_1_72' title='bbox 668 1814 928 1894; x_wconf 80' lang='lat' dir='ltr'>lutulentorum</span> <span class='ocrx_word' id='word_1_73' title='bbox 959 1824 1072 1918; x_wconf 85' lang='lat' dir='ltr'>(quas</span> <span class='ocrx_word' id='word_1_74' title='bbox 1092 1830 1368 1898; x_wconf 77' lang='lat' dir='ltr'>antecursorum</span> <span class='ocrx_word' id='word_1_75' title='bbox 1389 1843 1504 1918; x_wconf 87' lang='lat' dir='ltr'>opera</span> <span class='ocrx_word' id='word_1_76' title='bbox 1521 1841 1617 1916; x_wconf 88' lang='lat' dir='ltr'>repa·</span> <span class='ocrx_word' id='word_1_77' title='bbox 1719 1896 1720 1919; x_wconf 43' lang='lat'>,</span> 
     </span>
     <span class='ocr_line' id='line_1_12' title="bbox 399 1940 1615 2042; baseline 0.002 -27"><span class='ocrx_word' id='word_1_78' title='bbox 399 1975 412 1990; x_wconf 95' lang='lat'><strong>·</strong></span> <span class='ocrx_word' id='word_1_79' title='bbox 499 1940 576 2016; x_wconf 86' lang='lat' dir='ltr'>rari</span> <span class='ocrx_word' id='word_1_80' title='bbox 587 1947 819 2038; x_wconf 86' lang='lat' dir='ltr'>oportuerat)</span> <span class='ocrx_word' id='word_1_81' title='bbox 840 1945 1076 2022; x_wconf 83' lang='lat' dir='ltr'>difficultates</span> <span class='ocrx_word' id='word_1_82' title='bbox 1096 1949 1232 2023; x_wconf 89' lang='lat' dir='ltr'>lentius</span> <span class='ocrx_word' id='word_1_83' title='bbox 1253 1947 1301 2022; x_wconf 91' lang='lat' dir='ltr'>ad</span> <span class='ocrx_word' id='word_1_84' title='bbox 1321 1969 1444 2022; x_wconf 81' lang='lat' dir='ltr'>arcem</span> <span class='ocrx_word' id='word_1_85' title='bbox 1462 1942 1615 2042; x_wconf 83' lang='lat' dir='ltr'>Gyrgio-</span> 
     </span>
     <span class='ocr_line' id='line_1_13' title="bbox 499 2065 1619 2163; baseline 0.004 -23"><span class='ocrx_word' id='word_1_86' title='bbox 499 2065 845 2163; x_wconf 89' lang='lat' dir='ltr'>viampervenisset,</span> <span class='ocrx_word' id='word_1_87' title='bbox 858 2078 894 2146; x_wconf 90' lang='lat' dir='ltr'>et</span> <span class='ocrx_word' id='word_1_88' title='bbox 906 2079 980 2147; x_wconf 90' lang='lat' dir='ltr'>tam</span> <span class='ocrx_word' id='word_1_89' title='bbox 993 2097 1039 2148; x_wconf 87' lang='lat' dir='ltr'>ex</span> <span class='ocrx_word' id='word_1_90' title='bbox 1049 2073 1327 2149; x_wconf 89' lang='lat' dir='ltr'>velitationibus</span> <span class='ocrx_word' id='word_1_91' title='bbox 1339 2080 1619 2157; x_wconf 88' lang='lat' dir='ltr'>antecursorum,</span> 
     </span>
     <span class='ocr_line' id='line_1_14' title="bbox 502 2190 1620 2296; baseline -0.002 -29"><span class='ocrx_word' id='word_1_92' title='bbox 502 2213 611 2289; x_wconf 91' lang='lat' dir='ltr'>quam</span> <span class='ocrx_word' id='word_1_93' title='bbox 629 2190 728 2267; x_wconf 90' lang='lat' dir='ltr'>iusta</span> <span class='ocrx_word' id='word_1_94' title='bbox 747 2196 871 2292; x_wconf 91' lang='lat' dir='ltr'>specie</span> <span class='ocrx_word' id='word_1_95' title='bbox 896 2199 1084 2296; x_wconf 86' lang='lat' dir='ltr'>copiarum</span> <span class='ocrx_word' id='word_1_96' title='bbox 1114 2202 1356 2276; x_wconf 82' lang='lat' dir='ltr'>Turcicarum</span> <span class='ocrx_word' id='word_1_97' title='bbox 1385 2199 1620 2275; x_wconf 86' lang='lat' dir='ltr'>coniectaret:</span> 
     </span>
     <span class='ocr_line' id='line_1_15' title="bbox 502 2315 1621 2424; baseline -0.003 -29"><span class='ocrx_word' id='word_1_98' title='bbox 502 2315 676 2395; x_wconf 87' lang='lat' dir='ltr'>Sinanum</span> <span class='ocrx_word' id='word_1_99' title='bbox 696 2319 817 2397; x_wconf 88' lang='lat' dir='ltr'>Marte</span> <span class='ocrx_word' id='word_1_100' title='bbox 838 2346 914 2398; x_wconf 90' lang='lat' dir='ltr'>rem</span> <span class='ocrx_word' id='word_1_101' title='bbox 935 2334 1183 2424; x_wconf 84' lang='lat' dir='ltr'>experturum,</span> <span class='ocrx_word' id='word_1_102' title='bbox 1202 2327 1309 2402; x_wconf 90' lang='lat' dir='ltr'>vanis</span> <span class='ocrx_word' id='word_1_103' title='bbox 1330 2323 1621 2424; x_wconf 84' lang='lat' dir='ltr'>exploratoribus</span> 
     </span>
     <span class='ocr_line' id='line_1_16' title="bbox 502 2442 1621 2544; baseline 0 -26"><span class='ocrx_word' id='word_1_104' title='bbox 502 2466 579 2518; x_wconf 92' lang='lat' dir='ltr'>rem</span> <span class='ocrx_word' id='word_1_105' title='bbox 607 2442 715 2520; x_wconf 85' lang='lat' dir='ltr'>aliter</span> <span class='ocrx_word' id='word_1_106' title='bbox 743 2454 853 2544; x_wconf 88' lang='lat' dir='ltr'>atque</span> <span class='ocrx_word' id='word_1_107' title='bbox 882 2451 993 2526; x_wconf 89' lang='lat' dir='ltr'>aliter</span> <span class='ocrx_word' id='word_1_108' title='bbox 1021 2453 1287 2528; x_wconf 83' lang='lat' dir='ltr'>referentibus.</span> <span class='ocrx_word' id='word_1_109' title='bbox 1317 2451 1472 2527; x_wconf 90' lang='lat' dir='ltr'>consilio</span> <span class='ocrx_word' id='word_1_110' title='bbox 1501 2449 1621 2525; x_wconf 88' lang='lat' dir='ltr'>ducum</span> 
     </span>
     <span class='ocr_line' id='line_1_17' title="bbox 508 2567 1621 2676; baseline 0.002 -32"><span class='ocrx_word' id='word_1_111' title='bbox 508 2567 610 2660; x_wconf 90' lang='lat' dir='ltr'>belli,</span> <span class='ocrx_word' id='word_1_112' title='bbox 630 2571 693 2667; x_wconf 92' lang='lat' dir='ltr'>qui</span> <span class='ocrx_word' id='word_1_113' title='bbox 711 2583 928 2669; x_wconf 89' lang='lat' dir='ltr'>argenteum</span> <span class='ocrx_word' id='word_1_114' title='bbox 946 2578 1116 2654; x_wconf 82' lang='lat' dir='ltr'>hostibus</span> <span class='ocrx_word' id='word_1_115' title='bbox 1135 2579 1361 2676; x_wconf 84' lang='lat' dir='ltr'>fugientibus</span> <span class='ocrx_word' id='word_1_116' title='bbox 1380 2585 1527 2675; x_wconf 91' lang='lat' dir='ltr'>pontem</span> <span class='ocrx_word' id='word_1_117' title='bbox 1538 2595 1621 2648; x_wconf 89' lang='lat' dir='ltr'>sem·</span> 
     </span>
     <span class='ocr_line' id='line_1_18' title="bbox 509 2696 1625 2799; baseline 0.003 -30"><span class='ocrx_word' id='word_1_118' title='bbox 509 2717 587 2793; x_wconf 92' lang='lat' dir='ltr'>per,</span> <span class='ocrx_word' id='word_1_119' title='bbox 617 2697 738 2792; x_wconf 89' lang='lat' dir='ltr'>quoad</span> <span class='ocrx_word' id='word_1_120' title='bbox 766 2700 843 2774; x_wconf 88' lang='lat' dir='ltr'>fieri</span> <span class='ocrx_word' id='word_1_121' title='bbox 874 2712 1017 2799; x_wconf 88' lang='lat' dir='ltr'>posset,</span> <span class='ocrx_word' id='word_1_122' title='bbox 1048 2705 1282 2779; x_wconf 84' lang='lat' dir='ltr'>sternendum</span> <span class='ocrx_word' id='word_1_123' title='bbox 1311 2703 1538 2791; x_wconf 85' lang='lat' dir='ltr'>dictitabant,</span> <span class='ocrx_word' id='word_1_124' title='bbox 1569 2696 1625 2772; x_wconf 85' lang='lat' dir='ltr'>ali·</span> 
     </span>
     <span class='ocr_line' id='line_1_19' title="bbox 511 2821 1624 2929; baseline 0.001 -32"><span class='ocrx_word' id='word_1_125' title='bbox 511 2821 638 2919; x_wconf 89' lang='lat' dir='ltr'>quanti</span> <span class='ocrx_word' id='word_1_126' title='bbox 655 2826 831 2923; x_wconf 89' lang='lat' dir='ltr'>temporis</span> <span class='ocrx_word' id='word_1_127' title='bbox 853 2831 975 2924; x_wconf 89' lang='lat' dir='ltr'>quiete</span> <span class='ocrx_word' id='word_1_128' title='bbox 1005 2833 1132 2929; x_wconf 85' lang='lat' dir='ltr'>copias</span> <span class='ocrx_word' id='word_1_129' title='bbox 1151 2832 1400 2929; x_wconf 84' lang='lat' dir='ltr'>maximopere</span> <span class='ocrx_word' id='word_1_130' title='bbox 1419 2831 1541 2904; x_wconf 83' lang='lat' dir='ltr'>fessas</span> <span class='ocrx_word' id='word_1_131' title='bbox 1561 2847 1624 2901; x_wconf 85' lang='lat' dir='ltr'>orn·</span> 
     </span>
     <span class='ocr_line' id='line_1_20' title="bbox 511 2947 1625 3045; baseline 0 -23"><span class='ocrx_word' id='word_1_132' title='bbox 511 2947 598 3024; x_wconf 90' lang='lat' dir='ltr'>nino</span> <span class='ocrx_word' id='word_1_133' title='bbox 617 2952 841 3027; x_wconf 87' lang='lat' dir='ltr'>recreandas</span> <span class='ocrx_word' id='word_1_134' title='bbox 860 2957 1013 3031; x_wconf 90' lang='lat' dir='ltr'>censuit.</span> <span class='ocrx_word' id='word_1_135' title='bbox 1043 2959 1103 3031; x_wconf 86' lang='lat' dir='ltr'>lta</span> <span class='ocrx_word' id='word_1_136' title='bbox 1122 2957 1250 3045; x_wconf 88' lang='lat' dir='ltr'>nostri,</span> <span class='ocrx_word' id='word_1_137' title='bbox 1280 2956 1364 3031; x_wconf 93' lang='lat' dir='ltr'>dum</span> <span class='ocrx_word' id='word_1_138' title='bbox 1393 2954 1504 3030; x_wconf 90' lang='lat' dir='ltr'>lentis</span> <span class='ocrx_word' id='word_1_139' title='bbox 1531 2950 1625 3026; x_wconf 86' lang='lat' dir='ltr'>itine-</span> 
     </span>
     <span class='ocr_line' id='line_1_21' title="bbox 510 3077 1623 3169; baseline -0.004 -16"><span class='ocrx_word' id='word_1_140' title='bbox 510 3078 614 3153; x_wconf 91' lang='lat' dir='ltr'>ribus</span> <span class='ocrx_word' id='word_1_141' title='bbox 635 3077 769 3154; x_wconf 88' lang='lat' dir='ltr'>Turois</span> <span class='ocrx_word' id='word_1_142' title='bbox 791 3080 941 3169; x_wconf 89' lang='lat' dir='ltr'>instant,</span> <span class='ocrx_word' id='word_1_143' title='bbox 962 3083 1107 3158; x_wconf 89' lang='lat' dir='ltr'>iuterim</span> <span class='ocrx_word' id='word_1_144' title='bbox 1118 3081 1279 3158; x_wconf 81' lang='lat' dir='ltr'>Sinarus</span> <span class='ocrx_word' id='word_1_145' title='bbox 1296 3089 1413 3158; x_wconf 89' lang='lat' dir='ltr'>totum</span> <span class='ocrx_word' id='word_1_146' title='bbox 1433 3078 1623 3156; x_wconf 87' lang='lat' dir='ltr'>exercitum</span> 
     </span>
     <span class='ocr_line' id='line_1_22' title="bbox 513 3197 1625 3302; baseline -0.003 -26"><span class='ocrx_word' id='word_1_147' title='bbox 513 3225 591 3280; x_wconf 93' lang='lat' dir='ltr'>cnm</span> <span class='ocrx_word' id='word_1_148' title='bbox 620 3202 833 3299; x_wconf 80' lang='lat' dir='ltr'>praecipuis</span> <span class='ocrx_word' id='word_1_149' title='bbox 861 3203 1130 3302; x_wconf 88' lang='lat' dir='ltr'>impedimentis</span> <span class='ocrx_word' id='word_1_150' title='bbox 1159 3207 1331 3292; x_wconf 82' lang='lat' dir='ltr'>traduxit,</span> <span class='ocrx_word' id='word_1_151' title='bbox 1360 3229 1405 3280; x_wconf 84' lang='lat' dir='ltr'>ac</span> <span class='ocrx_word' id='word_1_152' title='bbox 1432 3205 1559 3280; x_wconf 86' lang='lat' dir='ltr'>relicto</span> <span class='ocrx_word' id='word_1_153' title='bbox 1585 3197 1625 3275; x_wconf 90' lang='lat' dir='ltr'>ad</span> 
     </span>
     <span class='ocr_line' id='line_1_23' title="bbox 513 3325 1626 3429; baseline -0.003 -27"><span class='ocrx_word' id='word_1_154' title='bbox 513 3325 640 3424; x_wconf 89' lang='lat' dir='ltr'>copias</span> <span class='ocrx_word' id='word_1_155' title='bbox 678 3327 824 3424; x_wconf 88' lang='lat' dir='ltr'>collega</span> <span class='ocrx_word' id='word_1_156' title='bbox 852 3351 930 3420; x_wconf 87' lang='lat' dir='ltr'>suo,</span> <span class='ocrx_word' id='word_1_157' title='bbox 958 3331 1041 3429; x_wconf 91' lang='lat' dir='ltr'>ipse</span> <span class='ocrx_word' id='word_1_158' title='bbox 1070 3333 1225 3407; x_wconf 90' lang='lat' dir='ltr'>simulac</span> <span class='ocrx_word' id='word_1_159' title='bbox 1243 3331 1456 3407; x_wconf 89' lang='lat' dir='ltr'>Danubium</span> <span class='ocrx_word' id='word_1_160' title='bbox 1484 3325 1626 3410; x_wconf 72' lang='lat' dir='ltr'>traiecit,</span> 
     </span>
     <span class='ocr_line' id='line_1_24' title="bbox 513 3447 1627 3553; baseline -0.003 -27"><span class='ocrx_word' id='word_1_161' title='bbox 513 3472 592 3526; x_wconf 91' lang='lat' dir='ltr'>cum</span> <span class='ocrx_word' id='word_1_162' title='bbox 613 3450 758 3546; x_wconf 87' lang='lat' dir='ltr'>reliqua</span> <span class='ocrx_word' id='word_1_163' title='bbox 785 3454 970 3529; x_wconf 85' lang='lat' dir='ltr'>exercitus</span> <span class='ocrx_word' id='word_1_164' title='bbox 999 3465 1106 3553; x_wconf 86' lang='lat' dir='ltr'>parte</span> <span class='ocrx_word' id='word_1_165' title='bbox 1135 3456 1318 3532; x_wconf 82' lang='lat' dir='ltr'>discessit.</span> <span class='ocrx_word' id='word_1_166' title='bbox 1349 3455 1423 3530; x_wconf 89' lang='lat' dir='ltr'>His</span> <span class='ocrx_word' id='word_1_167' title='bbox 1449 3447 1627 3530; x_wconf 88' lang='lat' dir='ltr'>rebusad</span> 
     </span>
     <span class='ocr_line' id='line_1_25' title="bbox 515 3577 1622 3681; baseline -0.004 -29"><span class='ocrx_word' id='word_1_168' title='bbox 515 3577 723 3677; x_wconf 86' lang='lat' dir='ltr'>Principem</span> <span class='ocrx_word' id='word_1_169' title='bbox 742 3578 882 3671; x_wconf 86' lang='lat' dir='ltr'>allatis,</span> <span class='ocrx_word' id='word_1_170' title='bbox 905 3604 985 3656; x_wconf 91' lang='lat' dir='ltr'>cnm</span> <span class='ocrx_word' id='word_1_171' title='bbox 1005 3581 1077 3656; x_wconf 90' lang='lat' dir='ltr'>iam</span> <span class='ocrx_word' id='word_1_172' title='bbox 1090 3581 1237 3681; x_wconf 85' lang='lat' dir='ltr'>Gyrgio</span> <span class='ocrx_word' id='word_1_173' title='bbox 1259 3583 1409 3658; x_wconf 88' lang='lat' dir='ltr'>duorum</span> <span class='ocrx_word' id='word_1_174' title='bbox 1424 3577 1622 3655; x_wconf 88' lang='lat' dir='ltr'>milliarium</span> 
     </span>
     <span class='ocr_line' id='line_1_26' title="bbox 515 3701 1627 3804; baseline -0.002 -23"><span class='ocrx_word' id='word_1_175' title='bbox 515 3705 637 3804; x_wconf 91' lang='lat' dir='ltr'>spatio</span> <span class='ocrx_word' id='word_1_176' title='bbox 670 3704 840 3798; x_wconf 87' lang='lat' dir='ltr'>abesset,</span> <span class='ocrx_word' id='word_1_177' title='bbox 887 3715 1026 3782; x_wconf 87' lang='lat' dir='ltr'>certam</span> <span class='ocrx_word' id='word_1_178' title='bbox 1066 3711 1290 3785; x_wconf 77' lang='lat' dir='ltr'>delectorum</span> <span class='ocrx_word' id='word_1_179' title='bbox 1328 3732 1474 3784; x_wconf 86' lang='lat' dir='ltr'>manum</span> <span class='ocrx_word' id='word_1_180' title='bbox 1518 3701 1627 3779; x_wconf 83' lang='lat' dir='ltr'>mittit·</span> 
     </span>
     <span class='ocr_line' id='line_1_27' title="bbox 514 3827 1624 3934; baseline 0.002 -28"><span class='ocrx_word' id='word_1_181' title='bbox 514 3831 576 3929; x_wconf 90' lang='lat' dir='ltr'>qui</span> <span class='ocrx_word' id='word_1_182' title='bbox 626 3832 784 3906; x_wconf 84' lang='lat' dir='ltr'>transitu</span> <span class='ocrx_word' id='word_1_183' title='bbox 829 3833 1022 3908; x_wconf 89' lang='lat' dir='ltr'>Barbaros</span> <span class='ocrx_word' id='word_1_184' title='bbox 1076 3834 1326 3934; x_wconf 88' lang='lat' dir='ltr'>prohiberent.</span> <span class='ocrx_word' id='word_1_185' title='bbox 1385 3833 1417 3908; x_wconf 89' lang='lat' dir='ltr'>li</span> <span class='ocrx_word' id='word_1_186' title='bbox 1473 3827 1624 3930; x_wconf 76' lang='lat' dir='ltr'>Gyrgio·</span> 
     </span>
     <span class='ocr_line' id='line_1_28' title="bbox 514 3956 1628 4056; baseline -0.004 -23"><span class='ocrx_word' id='word_1_187' title='bbox 514 3959 612 4034; x_wconf 85' lang='lat' dir='ltr'>viam</span> <span class='ocrx_word' id='word_1_188' title='bbox 644 3956 759 4033; x_wconf 87' lang='lat' dir='ltr'>delati</span> <span class='ocrx_word' id='word_1_189' title='bbox 776 3958 984 4056; x_wconf 86' lang='lat' dir='ltr'>complures</span> <span class='ocrx_word' id='word_1_190' title='bbox 1005 3960 1150 4034; x_wconf 88' lang='lat' dir='ltr'>Turcas</span> <span class='ocrx_word' id='word_1_191' title='bbox 1168 3960 1205 4033; x_wconf 87' lang='lat' dir='ltr'>iu</span> <span class='ocrx_word' id='word_1_192' title='bbox 1226 3959 1384 4035; x_wconf 89' lang='lat' dir='ltr'>saltibus</span> <span class='ocrx_word' id='word_1_193' title='bbox 1412 3959 1628 4034; x_wconf 84' lang='lat' dir='ltr'>oberrantes</span> 
     </span>
     <span class='ocr_line' id='line_1_29' title="bbox 515 4084 1629 4183; baseline -0.006 -25"><span class='ocrx_word' id='word_1_194' title='bbox 515 4091 553 4159; x_wconf 90' lang='lat' dir='ltr'>et</span> <span class='ocrx_word' id='word_1_195' title='bbox 581 4084 759 4160; x_wconf 89' lang='lat' dir='ltr'>armentis</span> <span class='ocrx_word' id='word_1_196' title='bbox 796 4086 974 4183; x_wconf 89' lang='lat' dir='ltr'>pecudum</span> <span class='ocrx_word' id='word_1_197' title='bbox 1003 4087 1255 4183; x_wconf 81' lang='lat' dir='ltr'>gregibusque</span> <span class='ocrx_word' id='word_1_198' title='bbox 1287 4084 1464 4182; x_wconf 88' lang='lat' dir='ltr'>agendis·</span> <span class='ocrx_word' id='word_1_199' title='bbox 1483 4085 1629 4159; x_wconf 85' lang='lat' dir='ltr'>intentos</span> 
     </span>
     <span class='ocr_line' id='line_1_30' title="bbox 515 4207 1722 4309; baseline 0.002 -23"><span class='ocrx_word' id='word_1_200' title='bbox 515 4207 806 4307; x_wconf 69' lang='lat' dir='ltr'>momenque</span> <span class='ocrx_word' id='word_1_201' title='bbox 833 4211 984 4307; x_wconf 87' lang='lat' dir='ltr'>fugant,</span> <span class='ocrx_word' id='word_1_202' title='bbox 1023 4219 1059 4287; x_wconf 90' lang='lat' dir='ltr'>et</span> <span class='ocrx_word' id='word_1_203' title='bbox 1085 4210 1273 4287; x_wconf 89' lang='lat' dir='ltr'>nonnullis</span> <span class='ocrx_word' id='word_1_204' title='bbox 1310 4211 1430 4309; x_wconf 89' lang='lat' dir='ltr'>captis</span> <span class='ocrx_word' id='word_1_205' title='bbox 1461 4209 1629 4304; x_wconf 84' lang='lat' dir='ltr'>reliqum</span> <span class='ocrx_word' id='word_1_206' title='bbox 1721 4284 1722 4289; x_wconf 75' lang='grc'>,</span> 
     </span>
     <span class='ocr_line' id='line_1_31' title="bbox 517 4331 1630 4436; baseline -0.007 -22"><span class='ocrx_word' id='word_1_207' title='bbox 517 4358 642 4414; x_wconf 87' lang='lat' dir='ltr'>eorum</span> <span class='ocrx_word' id='word_1_208' title='bbox 671 4335 949 4430; x_wconf 89' lang='lat' dir='ltr'>multitudinem,</span> <span class='ocrx_word' id='word_1_209' title='bbox 990 4339 1028 4411; x_wconf 90' lang='lat' dir='ltr'>in</span> <span class='ocrx_word' id='word_1_210' title='bbox 1064 4338 1146 4436; x_wconf 92' lang='lat' dir='ltr'>ipso</span> <span class='ocrx_word' id='word_1_211' title='bbox 1174 4337 1333 4412; x_wconf 88' lang='lat' dir='ltr'>transitu</span> <span class='ocrx_word' id='word_1_212' title='bbox 1368 4336 1517 4434; x_wconf 75' lang='lat' dir='ltr'>pontis,</span> <span class='ocrx_word' id='word_1_213' title='bbox 1539 4331 1630 4408; x_wconf 87' lang='lat' dir='ltr'>cuius</span> 
     </span>
     <span class='ocr_line' id='line_1_32' title="bbox 514 4458 1624 4562; baseline -0.005 -24"><span class='ocrx_word' id='word_1_214' title='bbox 514 4458 666 4538; x_wconf 90' lang='lat' dir='ltr'>citerior</span> <span class='ocrx_word' id='word_1_215' title='bbox 685 4483 774 4559; x_wconf 88' lang='lat' dir='ltr'>pars</span> <span class='ocrx_word' id='word_1_216' title='bbox 793 4461 887 4560; x_wconf 91' lang='lat' dir='ltr'>ipsis</span> <span class='ocrx_word' id='word_1_217' title='bbox 900 4458 1132 4562; x_wconf 83' lang='lat' dir='ltr'>Gyrgioriae</span> <span class='ocrx_word' id='word_1_218' title='bbox 1148 4462 1339 4538; x_wconf 89' lang='lat' dir='ltr'>moenibus</span> <span class='ocrx_word' id='word_1_219' title='bbox 1359 4463 1624 4538; x_wconf 83' lang='lat' dir='ltr'>annectebatur.</span> 
     </span>
     <span class='ocr_line' id='line_1_33' title="bbox 515 4584 1630 4686; baseline -0.004 -23"><span class='ocrx_word' id='word_1_220' title='bbox 515 4585 564 4664; x_wconf 88' lang='lat' dir='ltr'>ad</span> <span class='ocrx_word' id='word_1_221' title='bbox 583 4609 705 4662; x_wconf 87' lang='lat' dir='ltr'>arcem</span> <span class='ocrx_word' id='word_1_222' title='bbox 725 4609 842 4684; x_wconf 90' lang='lat' dir='ltr'>usque</span> <span class='ocrx_word' id='word_1_223' title='bbox 860 4588 981 4686; x_wconf 88' lang='lat' dir='ltr'>ipsam</span> <span class='ocrx_word' id='word_1_224' title='bbox 1000 4588 1220 4686; x_wconf 87' lang='lat' dir='ltr'>propellunt.</span> <span class='ocrx_word' id='word_1_225' title='bbox 1262 4584 1477 4686; x_wconf 84' lang='lat' dir='ltr'>Gyrgiovia</span> <span class='ocrx_word' id='word_1_226' title='bbox 1496 4595 1554 4662; x_wconf 87' lang='lat' dir='ltr'>est</span> <span class='ocrx_word' id='word_1_227' title='bbox 1571 4605 1630 4659; x_wconf 86' lang='lat' dir='ltr'>arr</span> 
     </span>
     <span class='ocr_line' id='line_1_34' title="bbox 519 4711 1632 4812; baseline -0.003 -26"><span class='ocrx_word' id='word_1_228' title='bbox 519 4711 670 4808; x_wconf 78' lang='lat' dir='ltr'>egregie</span> <span class='ocrx_word' id='word_1_229' title='bbox 690 4713 761 4786; x_wconf 91' lang='lat' dir='ltr'>loci</span> <span class='ocrx_word' id='word_1_230' title='bbox 783 4721 914 4790; x_wconf 84' lang='lat' dir='ltr'>notura</span> <span class='ocrx_word' id='word_1_231' title='bbox 934 4722 971 4790; x_wconf 89' lang='lat' dir='ltr'>et</span> <span class='ocrx_word' id='word_1_232' title='bbox 989 4722 1071 4788; x_wconf 90' lang='lat' dir='ltr'>arte</span> <span class='ocrx_word' id='word_1_233' title='bbox 1091 4715 1241 4806; x_wconf 86' lang='lat' dir='ltr'>munita,</span> <span class='ocrx_word' id='word_1_234' title='bbox 1271 4714 1407 4812; x_wconf 88' lang='lat' dir='ltr'>quippe</span> <span class='ocrx_word' id='word_1_235' title='bbox 1426 4713 1489 4788; x_wconf 93' lang='lat' dir='ltr'>ubi</span> <span class='ocrx_word' id='word_1_236' title='bbox 1517 4713 1632 4788; x_wconf 84' lang='lat' dir='ltr'>Daun-</span> 
     </span>
    </p>
   </div>
   <div class='ocr_carea' id='block_1_3' title="bbox 0 0 1827 5534">
    <p class='ocr_par' dir='ltr' id='par_1_3' title="bbox 0 0 1827 5534">
     <span class='ocr_line' id='line_1_35' title="bbox 0 0 1827 5534; baseline 0 0"><span class='ocrx_word' id='word_1_237' title='bbox 0 0 1827 5534; x_wconf 95' lang='lat' dir='ltr'> </span> 
     </span>
    </p>
   </div>
  </div>
 </body>
</html>
