3625 5534
437 555 486 604 na
506 555 586 606 nas.
607 555 691 606 vno.
712 553 795 604 nse.
817 556 851 604 x.
872 556 905 605 n.
931 556 982 608 nr.
1233 533 1280 610 51

168 729 435 827 persequendos
454 737 670 807 statuerent.
690 729 763 804 His
783 736 895 825 atque
915 729 1001 805 aliis
1031 729 1227 824 similibus,
1247 731 1284 824 ii,

171 876 256 951 qnos
274 855 477 947 retulimus,
506 856 733 954 persuadere
753 855 957 932 Ordinibus
976 857 1191 955 provinciae
1223 880 1280 932 eo·

168 981 348 1072 mbantnr,
388 1005 435 1056 ne
462 980 550 1057 ullis
580 982 698 1058 modis
728 1008 752 1058 a
779 979 941 1057 Tureieo
969 983 1119 1059 loedere
1146 983 1285 1059 desais-

174 1114 299 1182 cenent.

620 1228 827 1241 ..—-—·

495 1374 671 1454 OAPV'P
700 1371 956 1452 DECIMVM.

177 1558 292 1628 Oratio
312 1579 447 1650 eorum,
475 1560 540 1654 qui
567 1583 593 1630 o
615 1555 747 1630 Traeis
774 1556 1044 1631 desciscendum
1074 1557 1286 1634 studebam.

269 1733 344 1811 Alii
380 1742 521 1828 antem,
559 1737 649 1812 duee
686 1735 910 1812 Baltbasare
938 1736 1146 1830 Bathoreo,
1184 1739 1287 1815 euius

176 1881 315 1954 summa,
332 1871 486 1962 propter
506 1864 763 1958 cognationem
791 1863 989 1961 Principis,
1019 1866 1228 1942 authoritas
1249 1865 1286 1939 in

177 1996 294 2064 senatu
312 1999 405 2073 erat,
425 1996 462 2062 et
481 1988 566 2063 aliis
580 1988 777 2080 nonnullis,
798 1989 1020 2064 eontrarium
1039 1991 1185 2067 omnino
1206 2013 1288 2068 sua-

179 2114 311 2207 debant,
330 2122 620 2212 temporumque,
641 2138 685 2189 ae
703 2137 826 2190 rerum
854 2114 1111 2208 conditionem,
1139 2116 1289 2191 diversa

178 2241 419 2332 sentientibus,
439 2242 686 2340 opponebant,
708 2264 801 2338 quae
820 2241 967 2315 minime
985 2267 1031 2316 ex
1051 2242 1205 2317 arbitrio
1225 2241 1288 2316 bo·

180 2365 297 2441 minum
314 2367 532 2466 penderent.
552 2368 672 2443 Deum
700 2389 796 2461 esse,
825 2367 888 2464 qui
917 2375 1050 2442 errneta
1077 2368 1288 2443 moderare·

179 2501 238 2582 tm,
254 2492 421 2591 idemque
439 2515 539 2587 suos,
558 2500 598 2568 ut
616 2493 746 2589 euique
764 2493 819 2567 rei
845 2494 884 2566 in
914 2491 983 2568 hae
1002 2517 1126 2570 rernm
1143 2500 1286 2584 natura,

181 2617 226 2690 sie
241 2617 401 2719 imperiis
422 2642 566 2717 quoque
584 2619 679 2715 ipsis
697 2613 876 2693 terminos
894 2619 1131 2715 posuerit3in
1149 2643 1193 2695 eo
1208 2628 1287 2695 tan·

181 2747 364 2822 mmsitam
393 2768 479 2822 esse
506 2746 692 2822 hominum
722 2745 923 2838 solertiam,
952 2747 985 2819 si
1013 2769 1069 2836 ea,
1090 2769 1185 2843 quae
1202 2755 1290 2822 tem-

182 2891 250 2965 pm,
267 2871 338 2946 Dei
356 2872 476 2969 ipsius
495 2871 599 2947 iussu
617 2870 783 2947 attulerit
801 2893 936 2962 seeum,
966 2878 1003 2944 et
1030 2871 1233 2970 percipere,
1253 2878 1291 2945 et

183 3016 250 3068 erm
267 2995 407 3071 ratione
426 2997 560 3092 exequi
588 2996 719 3070 sciant.
757 2997 818 3070 Ita
843 2996 983 3071 laetum
1009 2995 1127 3071 luisse
1155 2995 1290 3093 priscis

185 3121 333 3197 omnibus
351 3123 581 3221 temporibus
599 3123 638 3197 in
659 3121 901 3197 maximorum
912 3144 1140 3218 quorumque
1158 3144 1290 3218 regno-

185 3267 259 3335 mm,
276 3248 582 3346 imperiorumque
602 3247 877 3337 mutationibus,
902 3247 1060 3322 omnium
1087 3254 1291 3344 temporum

186 3369 344 3448 historiae
362 3381 482 3448 testes
500 3371 706 3471 locupletes
721 3380 858 3449 essent.

274 3496 348 3574 Sed
366 3507 407 3574 ut
425 3505 555 3572 vetera
573 3497 652 3588 illa,
672 3497 889 3594 inquiebant
916 3495 983 3586 illi,
1012 3503 1050 3570 et
1068 3495 1215 3572 nimium
1235 3520 1292 3572 re·

188 3630 268 3697 mota
301 3650 325 3702 a
360 3625 501 3700 nostris
538 3624 767 3722 temporibus
797 3631 1041 3716 transeamus,
1070 3645 1133 3697 res
1151 3630 1292 3699 tantum

188 3756 315 3824 ambas
333 3749 558 3826 domesticas
576 3748 858 3846 perpendamus,
879 3749 1010 3844 quales
1037 3755 1125 3824 tune
1147 3746 1293 3836 fuerint,

188 3893 253 3946 unm
285 3874 541 3972 ingruentibus
568 3874 763 3966 Barbaris,
801 3881 988 3969 tamquam
1026 3897 1049 3946 a
1087 3873 1170 3947 Deo
1209 3871 1292 3968 ipso

188 3995 304 4090 missis,
323 3999 458 4074 sedere
476 3997 569 4090 loeo,
587 3998 758 4090 fortunis,
777 4006 814 4073 et
835 3995 970 4073 natalis
988 3995 1107 4096 ipsius
1117 3997 1188 4072 soli
1207 4017 1292 4094 pos·

190 4124 338 4200 sessione
356 4124 479 4200 eoacti
496 4123 642 4200 fuimus.
662 4123 744 4215 Quo
764 4146 856 4200 sane
874 4130 1041 4219 tempore
1068 4121 1293 4197 tantumdem

191 4255 255 4322 erat
269 4247 342 4325 illis
359 4248 585 4325 instantibus
604 4249 792 4341 resistere,
821 4255 933 4344 atque
952 4247 1035 4320 Deo
1063 4245 1136 4344 ipsi
1155 4244 1293 4321 bellum

112 4396 113 4403 ¹
193 4369 343 4468 indieere,
361 4375 461 4474 quod
479 4375 601 4451 multis
621 4374 909 4452 fortissimarum
928 4371 1102 4468 gentium,
1122 4393 1295 4468 quaepro
1372 4389 1375 4394 ’

194 4499 291 4592 nobis,
316 4525 396 4576 eum
424 4502 491 4594 eis,
522 4503 634 4576 toties
661 4501 760 4577 tristi
789 4500 891 4574 exitu
920 4521 1024 4573 arma
1051 4497 1294 4586 contulerunt,

196 4619 340 4700 cladibus
368 4629 473 4715 satis,
512 4650 697 4724 superque
725 4633 784 4700 est
821 4623 1108 4722 comprobatum.
1155 4619 1298 4696 Iamsi

196 4745 275 4820 idem
291 4761 510 4849 praepotens
540 4751 654 4841 lleus,
683 4752 857 4824 misertus
887 4748 1013 4835 nostri,
1043 4768 1110 4820 nos
1132 4747 1297 4845 recipiat,

1091 4887 1132 4948 4*
