3625 5534
467 524 546 602 244
869 541 917 591 ro.
936 539 1037 590 ouon
1056 537 1206 590 sunovn
1237 522 1241 534 '

467 728 538 800 bus
558 719 799 820 amplissimis
817 716 956 813 regnis,
976 723 1014 790 et
1032 723 1086 789 tot
1106 713 1214 788 bonis
1234 715 1448 806 cumulavit,
1469 735 1594 811 parum
1723 695 1724 706 ἶ

470 858 612 947 gratus,
632 869 762 946 pamm
781 844 872 943 pius-
884 865 971 918 esse
990 841 1163 921 videaris.
1192 863 1286 916 neve
1307 840 1422 930 illum,
1454 841 1512 938 qni
1540 862 1595 913 re-

470 976 605 1076 probat
623 981 661 1049 et
679 971 840 1067 dissipat
858 968 957 1042 mala
983 975 1021 1041 et
1048 966 1186 1041 iniusta
1210 966 1376 1058 consilia,
1406 975 1529 1040 contra
1558 973 1596 1040 te

470 1104 592 1201 ipsum
621 1098 668 1174 ad
697 1095 925 1172 iracundiam
952 1116 1154 1192 provoces,
1184 1099 1221 1167 et
1247 1094 1337 1182 hoo,
1365 1092 1463 1190 quod
1489 1091 1594 1168 fratri

474 1236 536 1303 tuo
564 1223 700 1300 malum
728 1219 896 1312 intulisti,
925 1218 962 1293 in
991 1227 1092 1294 tuam
1121 1225 1159 1292 et
1177 1217 1299 1314 Regni
1327 1219 1381 1294 tui
1400 1216 1594 1314 perniciem

472 1351 670 1426 maximam
689 1343 803 1446 (quod
822 1338 935 1441 absit)
968 1343 1065 1418 iusto
1084 1343 1158 1417 Dei
1177 1342 1311 1418 iudicio
1330 1343 1518 1418 redundet.
1539 1341 1595 1418 An

332 1495 337 1502 ’
474 1485 515 1552 tu
533 1481 643 1574 putas
668 1472 932 1569 Transylvano
953 1490 1135 1568 oppresso
1163 1475 1201 1544 te
1230 1468 1479 1546 aTurcarum
1506 1469 1599 1544 iusi-

477 1600 548 1675 diis
575 1607 692 1674 tutum
720 1596 831 1672 tore?
869 1594 929 1670 An
960 1603 999 1671 tn
1027 1595 1277 1692 foedifragum
1296 1595 1400 1672 illum
1417 1595 1601 1692 ignoras?

480 1727 542 1827 qui
562 1726 686 1806 omnia
715 1746 784 1800 sua
801 1721 962 1798 utilitate
983 1723 1141 1814 metitur,
1170 1721 1232 1819 qui
1246 1721 1601 1812 nulliservatfidem,
1726 1782 1727 1812 ,

477 1853 551 1930 nisi
572 1875 618 1926 ex
638 1850 696 1925 sui
715 1848 897 1924 commodi
917 1847 1070 1944 regula,
1092 1848 1154 1945 qui
1174 1848 1296 1922 omnia
1314 1871 1432 1944 regua
1451 1847 1600 1923 insatia-
1726 1839 1727 1842 '

480 1979 548 2056 bili
593 1975 797 2074 cupiditate
837 1974 999 2072 appetit,
1047 1974 1121 2048 imo
1158 1975 1271 2048 totius
1309 1971 1602 2050 Christianitatis

482 2103 671 2180 interitum
691 2099 780 2176 sitit.
809 2097 947 2197 Cogita
966 2100 1076 2174 etiam
1095 2099 1159 2190 tili,
1188 2109 1326 2197 quanta
1355 2101 1474 2177 electo
1493 2104 1606 2200 Impe-

480 2229 597 2307 ratori
614 2228 825 2326 propinquo
844 2235 908 2301 tuo
928 2225 1061 2301 iniuria
1077 2225 1272 2320 inferatur,
1294 2228 1428 2303 ecuius
1450 2237 1604 2327 augusto
1727 2270 1728 2312 r

483 2355 666 2451 sanguine
695 2352 793 2429 tilios
823 2359 861 2427 et
888 2352 1073 2427 haeredes
1110 2353 1308 2452 suscepisti
1335 2378 1404 2453 per
1419 2354 1494 2468 Dei
1522 2377 1606 2453 gra·

482 2483 571 2557 tiam
590 2489 628 2556 et
646 2479 840 2578 suscipies.
861 2477 959 2570 Quin
979 2478 1089 2552 etiam
1108 2486 1240 2554 nostra
1268 2486 1304 2554 et
1321 2479 1429 2554 huius
1450 2479 1606 2578 Aposto-

483 2606 581 2681 licae
599 2604 712 2697 sedis,
733 2627 843 2701 quam
862 2604 956 2680 adeo
979 2603 1111 2679 devote
1131 2627 1279 2704 semper
1310 2606 1466 2702 coluisti,
1496 2606 1608 2702 digni·

487 2740 548 2808 tas
567 2730 737 2816 laeditur,
764 2737 802 2802 et
820 2736 938 2805 mater
957 2736 1022 2804 tua
1041 2729 1270 2824 charissima,
1294 2731 1390 2828 quod
1409 2743 1448 2808 te
1467 2731 1608 2808 minime
1728 2758 1729 2820 l

487 2857 648 2935 omnium
658 2857 756 2932 velle
768 2855 915 2948 scimus,
929 2855 1097 2932 Romana
1112 2856 1286 2932 Ecclesia
1297 2859 1506 2946 offenditur,
1518 2881 1608 2957 quae

486 2983 596 3060 buius
615 2983 714 3058 sacri
732 2981 823 3057 belli
843 2982 1010 3079 gerendi·
1025 3004 1138 3056 causa
1167 2983 1346 3058 maximos
1376 2993 1414 3059 et
1441 2985 1609 3060 intolera-

490 3110 586 3185 biles
597 3117 765 3206 sumptus
777 3107 886 3183 subit.
907 3107 1128 3183 Nostrorum
1140 3117 1261 3184 autern
1272 3103 1611 3208 viribus‚'quaeate

488 3233 740 3312 sublevandae
768 3241 806 3309 et
833 3235 1027 3331 augendae
1057 3244 1173 3324 erant,
1202 3244 1277 3310 tam
1306 3235 1429 3311 alieno
1450 3245 1610 3335 tempore

490 3383 559 3460 per
586 3361 656 3435 bos
674 3359 888 3436 Moldaviae
917 3368 1037 3436 motus
1069 3361 1257 3436 distractis
1276 3368 1387 3458 atque
1406 3360 1612 3448 imminutis,

491 3492 620 3561 contra
636 3485 798 3560 hostium
817 3487 938 3561 auctis
958 3493 994 3561 et
1013 3488 1210 3570 roboratis,
1231 3488 1268 3561 in
1288 3509 1384 3586 quae
1404 3487 1613 3563 discrimina

491 3618 529 3687 et
546 3608 741 3708 angustias
752 3610 938 3687 exercitus
948 3619 1077 3686 noster
1087 3612 1377 3688 Ecclesiasticus
1396 3623 1433 3688 et
1443 3610 1611 3690 Caesari-

458 3835 462 3841 ἵ
493 3757 587 3812 anus
606 3734 727 3833 possit
743 3735 928 3827 incidere,
955 3742 991 3810 et
1011 3745 1237 3836 quantopere
1267 3737 1357 3814 belli
1385 3739 1494 3814 huius
1524 3737 1614 3813 ratio

493 3871 531 3940 et
549 3862 819 3938 administratio
839 3864 1090 3958 perturbetur,
1110 3887 1215 3939 nemo
1236 3875 1303 3955 est,
1323 3866 1385 3963 qui
1399 3865 1614 3940 nonvidest.

493 3987 569 4065 Sed
587 3995 625 4064 et
642 3985 733 4064 illud
753 3988 907 4080 accedit,
928 3990 1025 4087 quod
1045 3991 1093 4064 ad
1112 3999 1287 4084 nostram,
1318 4000 1355 4067 et
1382 3992 1491 4066 huius
1512 4013 1615 4068 saue-

493 4122 555 4189 tae
584 4113 685 4189 sedis
719 4112 937 4210 dignitatem
965 4137 1038 4190 uon
1058 4117 1304 4193 'mediocriter
1333 4109 1514 4216 pertinet:
1553 4139 1616 4191 nos

494 4237 713 4316 charissimo
732 4240 808 4315 tilio
836 4250 965 4320 nostro
986 4241 1184 4341 Rudolpho
1205 4254 1241 4319 et
1261 4241 1498 4342 Sigismundo
1521 4265 1615 4320 rece·

493 4365 623 4464 pimus.
644 4373 682 4440 et
699 4389 767 4464 pro
778 4374 879 4442 certo
888 4369 1045 4467 polliciti
1056 4391 1194 4462 sumus,
1214 4354 1377 4465 Regiam
1388 4369 1616 4446 llaiestatem

492 4497 594 4566 tuam
612 4489 869 4570 nihilomnino
895 4495 1148 4594 impedimenti
1168 4505 1232 4572 aut
1255 4495 1473 4593 perditionis
1494 4517 1617 4572 eorum

496 4617 608 4692 rebus
628 4617 835 4710 allaturam,
854 4643 974 4717 neque
993 4622 1064 4696 hoc
1082 4624 1215 4700 leniter
1226 4620 1538 4714 confirmavimus,
1558 4617 1619 4694 sed

498 4741 606 4838 gravi
624 4740 816 4821 admodum
845 4746 999 4844 ratione,
1028 4769 1100 4824 nou
1129 4773 1176 4824 ex
1205 4772 1249 4825 eo
1278 4747 1414 4840 solum,
1444 4745 1511 4820 sed
1542 4743 1620 4844 quia
