3625 5534
420 490 427 504 ’
521 525 569 576 on
588 524 759 577 nnnvso.
780 526 863 578 nnc.
891 527 940 577 rr.
961 529 995 578 n.
1016 529 1038 578 r.
1291 505 1367 584 293

239 698 417 790 consiliis,
437 700 620 776 hominem
641 700 909 799 exinproviso
930 702 1253 801 conprehendunt,
1274 704 1371 782 vinc

238 834 399 922 tumque,
428 849 503 922 qna
529 833 685 923 possunt
712 827 913 919 celeritate,
933 821 1069 902 Albam
1089 828 1138 904 ad
1158 828 1369 930 Principem

238 951 432 1028 deducunt.
454 949 670 1047 Scelestins,
691 975 770 1027 cum
782 975 823 1028 se
834 953 975 1028 invidia
984 954 1022 1028 in
1032 953 1071 1029 id
1081 952 1193 1048 vitae,
1207 955 1371 1048 honoris,

239 1081 542 1176 fortunarumque
561 1077 756 1153 discrimen
774 1077 1058 1177 praecipitatum
1090 1080 1245 1174 videret,
1265 1079 1369 1158 Prin-

241 1207 359 1306 cipem
379 1206 564 1298 obsecrat,
593 1229 640 1282 ne
669 1205 778 1282 tidem
808 1204 1127 1283 criminationibus
1145 1209 1371 1286 aemulorum

241 1355 390 1410 suorum
409 1331 598 1424 adhibeat,
618 1332 684 1407 sed
703 1354 782 1442 rem
800 1353 943 1406 omnem
961 1331 1096 1407 iudicio
1116 1333 1305 1430 integram
1315 1357 1371 1411 re·

241 1464 387 1535 servet:
417 1479 458 1532 se
478 1480 627 1534 eaesae
645 1457 879 1534 innocentiae
908 1458 1136 1535 conscientia
1154 1459 1372 1555 praeditum,

240 1592 282 1660 ut
300 1605 374 1659 non
392 1583 535 1659 dubitet
554 1585 709 1680 quaevis
736 1591 1000 1662 tormentorum
1030 1593 1142 1682 atque
1163 1587 1293 1663 mortis
1311 1611 1374 1685 ge·

242 1733 334 1786 nera
351 1709 488 1801 subire,
508 1710 542 1784 si
561 1711 620 1785 vel
639 1710 868 1786 lenissimum
879 1711 1101 1809 proditionis
1113 1719 1371 1809 argumentum

243 1836 282 1911 in
300 1857 343 1910 se
362 1833 589 1933 deprehendi
608 1835 739 1934 possit.
771 1836 950 1935 Princeps
974 1837 1146 1913 iudicium
1173 1845 1301 1915 tantae
1319 1837 1374 1914 rei

243 1983 476 2059 nequaquam
493 1960 811 2059 praecipitandum
829 1969 944 2054 ratus,
975 1958 1193 2039 Scelestium
1212 1961 1315 2039 iubet
1333 1962 1371 2038 in

243 2087 366 2164 libera
388 2084 559 2162 custodia
585 2085 683 2184 apud
712 2083 919 2184 Casparem
938 2083 1142 2162 Sibrikium
1172 2087 1372 2164 asservari

244 2215 286 2288 Is
302 2211 535 2287 innocentiae
562 2211 790 2288 conscientia
807 2211 937 2303 fretus,
966 2211 1058 2286 nihil
1077 2211 1276 2311 trepidare,
1304 2213 1373 2288 sed

244 2361 376 2414 securo
394 2338 516 2414 animo
535 2338 632 2414 diem
649 2338 774 2414 iudicii
793 2346 1005 2436 expectare.
1044 2336 1116 2430 Qui
1146 2359 1227 2414 oum
1246 2338 1372 2415 affuis-

243 2473 323 2558 set,
349 2464 610 2561 negotiumque
637 2472 754 2541 totum
782 2464 989 2540 adelectis
1018 2464 1180 2556 arbitris,
1208 2463 1372 2563 legitimo

241 2591 334 2668 iuris
356 2611 536 2690 processu
554 2591 804 2666 examinatum
822 2588 968 2684 inisset,
990 2590 1181 2666 sententia
1200 2612 1268 2689 pro
1289 2587 1375 2667 Sne

245 2717 353 2792 lestio
371 2715 615 2816 pronunciata
634 2722 704 2790 est.
734 2713 795 2790 ita
823 2715 958 2812 capitis
977 2716 1281 2814 fortunarumque
1312 2739 1375 2814 pe-

244 2842 361 2918 riculo
380 2841 571 2934 liberatus,
591 2839 812 2916 Aradiensis
831 2843 933 2916 arcis
953 2842 1195 2940 possessione
1207 2839 1377 2932 donatus,

245 2969 395 3062 maiore,
415 2989 526 3065 quam
544 2975 655 3042 antea
674 2989 763 3043 cura
782 2967 961 3044 excubias
981 2968 1165 3044 adversus
1184 2968 1379 3044 Barbaros

246 3116 361 3190 agere
379 3091 548 3168 institnit.
575 3092 635 3166 Ne
653 3113 743 3166 vero
763 3091 987 3188 gubernatio
1007 3090 1208 3190 Lippensis
1228 3089 1377 3166 ditionis

243 3218 493 3319 amplissima,
530 3218 726 3295 manifesto
765 3241 846 3294 cum
873 3217 1108 3316 reipublicae
1134 3215 1373 3293 Christianae
1467 3293 1470 3298 .

245 3347 463 3423 detrimento
483 3343 619 3420 diutius
639 3350 801 3437 vacaret,
820 3343 1035 3443 praefectos
1054 3344 1089 3420 ei
1109 3351 1169 3420 est
1187 3339 1377 3440 Georgius

247 3472 422 3570 Borbely‚
451 3470 513 3569 qui
531 3471 662 3569 paucis
691 3477 776 3545 ante
804 3469 911 3546 annis
935 3468 1093 3568 Lippam
1114 3492 1195 3544 cum
1226 3467 1377 3544 circum-

246 3595 377 3674 vicinis
396 3595 612 3692 regiouibus
631 3593 846 3672 chrbaris
863 3601 1162 3693 recuperaverat
1185 3589 1263 3670 Sub
1277 3591 1375 3668 idem

247 3725 327 3799 iere
349 3730 505 3820 tempus,
533 3729 733 3821 postquam
760 3721 892 3820 paucis
922 3730 1007 3797 ante
1036 3721 1167 3796 diebus
1196 3717 1378 3818 pristinae

248 3849 414 3924 libertati
439 3848 633 3924 restitutus
660 3847 805 3938 fnisset,
835 3856 872 3922 et
900 3843 999 3922 haud
1027 3843 1200 3941 exiguom
1227 3864 1379 3941 recupe-

249 3973 358 4052 randi
384 3973 597 4052 Moldaviae
631 3973 777 4072 imperii
807 3995 912 4071 spem
942 3967 1185 4068 concepisset,
1223 3973 1378 4044 mortem

252 4101 380 4206 Aaron
399 4098 613 4175 Moldaviae
640 4101 795 4196 regulus
813 4098 851 4172 in
870 4119 957 4172 arce
977 4092 1169 4172 Vinoiensi
1188 4090 1289 4168 obiit.
1309 4087 1380 4168 vir

252 4235 354 4302 certe
371 4232 427 4300 tot
444 4208 632 4321 tantisque
651 4225 821 4300 fortunae
839 4217 1157 4296 vicissitudinibus
1175 4216 1286 4312 longe
1305 4237 1379 4291 me-

251 4349 456 4445 morabilis,
474 4357 513 4424 et
531 4347 768 4447 conspicuum
787 4343 969 4422 variantis
988 4343 1161 4422 fortunae
1170 4336 1380 4436 exemplum

252 4480 301 4555 sd
318 4500 462 4556 omnem
480 4474 735 4576 posteritatem
754 4471 957 4551 habendus.

709 4771 914 4786 μήνη--
