3625 5534
510 466 560 515 ur
578 467 660 518 nra.
682 466 767 520 vno.
787 468 871 521 nec.
889 469 939 521 xr.
959 469 991 521 n.
1012 471 1049 525 11.
1265 447 1344 527 325

217 641 410 738 ablegant.
440 641 531 717 Mox
550 664 632 716 cum
652 643 747 718 varii
772 645 818 718 de
837 645 1044 722 'lurcorum
1064 650 1259 725 conatibus
1287 673 1344 725 ru-

214 789 339 843 mores
368 776 646 865 spargerentur,
677 768 872 848 eelerrimo
899 771 1033 850 itinere
1061 771 1197 852 Albam
1217 769 1344 852 luliain

214 893 404 970 redierunt
422 894 471 969 ad
489 893 566 970 XX
587 894 683 971 diem
703 896 808 973 lunii.

678 1201 889 1214 ψη,

539 1434 714 1515 OAPV'l'
744 1437 1013 1517 OCTAVVM.

335 1597 394 1671 De
416 1596 660 1674 Csaaadiemt
677 1602 859 1676 obsidione
877 1607 1023 1700 eiusque
1039 1605 1229 1685 ,solutione

325 1776 452 1852 Pridie
481 1778 561 1854 eins
590 1779 673 1871 diei,
702 1804 774 1878 quo
794 1804 842 1856 ex
861 1781 1116 1880 Transalpina
1144 1785 1344 1872 redierunt,

216 1905 372 1980 aueum
409 1912 468 1980 est
503 1904 640 2000 legatis
678 1903 878 1981 Caesareis
917 1905 1128 1982 Csanadnm
1163 1933 1285 1982 arcem
1324 1935 1348 1984 a

218 2029 355 2109 Torcis
374 2051 459 2105 esse
476 2031 671 2108 obsessam
690 2034 738 2108 ad
756 2035 865 2112 XlX.
885 2034 980 2108 diem
993 2035 1094 2109 lunii.
1110 2037 1231 2109 llassa
1251 2035 1346 2110 enim

220 2153 557 2245 Tbmiisrariensis,
595 2179 705 2253 quum
729 2156 938 2254 Principem
966 2158 1238 2254 Sigismundnm
1277 2160 1349 2233 dis·

219 2281 393 2372 erasisse,
416 2282 718 2379 provinciamqne
746 2294 847 2361 oerto
865 2286 1116 2381 gubernatore
1136 2286 1348 2360 destitutam

220 2405 258 2482 iu
285 2404 427 2482 incerto
453 2405 632 2482 fluctuare
659 2408 885 2506 accepisset,
914 2417 1017 2484 ratos
1057 2407 1128 2485 bac
1155 2411 1349 2487 occasione

220 2531 344 2627 magis
360 2530 505 2622 idonea,
532 2555 643 2628 quam
660 2555 819 2631 unquam
838 2543 961 2626 antea,
978 2535 1163 2624 utendum,
1184 2559 1351 2635 assump-

220 2668 261 2736 ta
289 2680 591 2754 magdaenorum
618 2684 737 2754 manu,
766 2685 813 2736 ex
831 2651 1033 2759 improviso
1053 2659 1266 2739 Osanadum
1287 2665 1349 2740 ob·

221 2784 382 2862 sederat.
419 2784 523 2860 Nibil
554 2786 650 2860 enim
678 2786 880 2878 dubitabat,
909 2787 997 2884 quin
1022 2789 1083 2863 vel
1103 2789 1351 2870 desereretur.

220 2912 282 2986 vel
300 2931 389 2987 vero
417 2909 455 2984 vi
473 2934 497 2988 a
514 2911 654 2989 nostris
672 2912 848 3013 oppidum
875 2913 1013 2988 finibus
1031 2913 1202 2988 'Pureicis
1232 2937 1351 3010 usque

221 3037 316 3116 adeo
344 3035 566 3113 insinuatum
592 3038 785 3134 repentine
812 3038 897 3137 capi
925 3047 1064 3137 posset.
1084 3039 1264 3114 Praeerat
1273 3038 1351 3112 arci

222 3163 423 3242 Lsdislsus
440 3163 558 3256 More,
581 3165 639 3242 vir
657 3164 829 3240 militaris
857 3173 895 3240 et
923 3165 1120 3240 animosus.
1158 3165 1199 3238 Is
1235 3163 1351 3238 misso

222 3291 417 3370 confestim
436 3289 574 3366 Albam
592 3288 736 3380 nuncio,
754 3309 834 3365 rem
851 3288 1077 3368 Proceribus
1096 3287 1293 3384 signifieat,
1313 3295 1351 3364 et

222 3441 330 3517 opem
347 3423 529 3494 maturam
547 3415 622 3492 sibi
637 3416 729 3492 ferri
746 3416 921 3512 postulat
942 3412 1107 3512 Cumque
1125 3438 1196 3490 nec
1214 3439 1238 3490 a
1256 3437 1351 3490 com·

221 3549 354 3635 meam,
380 3565 450 3618 nec
477 3543 526 3620 ab
546 3542 632 3618 aliis
648 3541 762 3617 rebus
781 3540 831 3618 ad
849 3539 1104 3616 sustinendam
1121 3539 1351 3617 obsidionem

221 3666 448 3746 necessariis
465 3673 528 3741 sat
543 3672 713 3762 paratum
732 3686 775 3742 se
793 3651 952 3742 uideret:¹
971 3661 1209 3742 nibilominus
1227 3673 1351 3740 tamen

221 3794 388 3873 ultimam
404 3792 575 3871 fortunae
592 3793 712 3869 aleam
731 3791 895 3890 experiri
922 3792 1061 3868 statuit.
1088 3792 1221 3886 Itaque
1238 3791 1352 3866 rebus

223 3921 392 4001 omnibus
419 3919 468 3996 ad
494 3917 747 4017 repellendam
774 3917 849 3994 rim
865 3917 1118 3994 Barbarorum
1150 3915 1352 4010 instructis,

222 4046 461 4147 paratissimo
479 4065 642 4143 pugnam
661 4043 782 4123 animo
800 4041 1114 4140 praestolabatur.
1142 4039 1252 4133 Quod
1270 4064 1351 4117 cum

223 4170 384 4250 Barbari
401 4170 645 4269 accepissent,
664 4190 732 4266 spe
761 4190 830 4245 sua
847 4166 1027 4260 frustrati,
1046 4171 1191 4242 tentata
1218 4166 1351 4241 leuiter

224 4297 509 4397 oppugnatione,
538 4295 773 4392 adventuque
803 4293 1023 4369 auxiliorum
1051 4291 1189 4384 territi,
1218 4290 1351 4368 itinere

223 4425 337 4520 fugas
355 4422 467 4498 simili
486 4423 759 4497 Tbmbsvarum
781 4418 912 4519 paneis
930 4439 1080 4494 suorum
1097 4417 1247 4493 amissis
1265 4438 1352 4492 sese

223 4553 453 4647 receperunt.
483 4550 564 4626 Iam
583 4548 681 4625 euim
703 4546 844 4624 auxilia
861 4543 1114 4644 Lippeusium,
1143 4541 1351 4620 Jeneiensi·

225 4695 296 4770 um,
315 4672 613 4770 Varadiensium,
632 4682 745 4774 atque
764 4673 1111 4772 Trausylvanorum
1134 4669 1172 4746 in
1190 4668 1271 4750 dies
1299 4667 1351 4747 sl-
