3625 5534
503 495 579 572 164
902 522 950 570 ro.
971 520 1070 571 nncrr
1090 520 1238 570 nsaovn

459 769 463 776 ,
498 713 721 770 communem
740 693 872 771 lectum
892 694 1075 808 adlocata‚
1095 695 1362 771 interveniente
1389 695 1535 771 solenni
1561 695 1610 770 iu-

498 825 664 894 ramento
684 818 1094 919 PrincipiSigismundo
1123 844 1190 920 per
1217 821 1444 919 Episcopum
1469 821 1613 918 copula·

497 953 568 1040 tur,
587 970 667 1023 cum
687 947 766 1023 eius
786 949 930 1024 nomine
941 946 1153 1047 Stephanus
1164 947 1332 1024 Boozkai
1349 955 1614 1023 sacramentum

501 1072 740 1152 iurisiurandi
788 1075 1051 1173 praestitisset.
1094 1075 1165 1151 His
1207 1075 1260 1150 ita
1296 1073 1498 1150 solenniter
1534 1095 1613 1149 eon·

497 1199 617 1292 fectis,
642 1209 679 1276 et
696 1201 855 1299 publicis
875 1202 1048 1299 precibus
1067 1223 1135 1300 pro
1154 1199 1255 1275 felici
1274 1223 1355 1276 cum
1384 1199 1611 1288 matrimonii,

499 1333 575 1401 tum
592 1325 756 1402 foederis
775 1327 883 1403 huius
903 1326 1134 1403 sanctiatimi*
1150 1335 1286 1402 eventu
1313 1327 1511 1426 susceptis,
1529 1325 1613 1402 laeti

498 1477 625 1532 omnes
645 1453 829 1554 Sponsam
848 1457 993 1532 domum
1021 1455 1215 1532 deduxere.
1253 1455 1344 1530 Mox
1363 1454 1542 1530 instructo
1560 1476 1613 1529 so·

501 1580 599 1656 lenni
618 1581 796 1676 convivio,
815 1582 934 1680 inquo
947 1579 1156 1681 Stephanus
1167 1577 1477 1679 BoczkaiSponsi
1495 1580 1613 1656 locum

495 1705 802 1808 teuensSponsae
821 1707 974 1795 assedit,
985 1708 1121 1805 Legati
1132 1729 1261 1785 omnes
1270 1728 1339 1806 pro
1352 1707 1481 1782 ordine
1490 1709 1606 1781 cuius

498 1858 568 1932 que
588 1860 632 1911 ac
651 1835 832 1933 dignitate
852 1823 1048 1932 magnifice
1057 1835 1215 1934 excepti,
1227 1833 1427 1932 donatique
1448 1841 1543 1909 sunt.
1562 1875 1611 1884 —

496 1961 556 2034 lta
573 1961 684 2037 rebus
703 1960 870 2036 omnibus
900 1961 1059 2036 feliciter
1077 1967 1115 2035 et
1132 1984 1179 2034 ex
1195 1959 1305 2034 animi
1332 1958 1517 2035 sententia
1534 1981 1613 2034 con·

495 2087 723 2181 lentiscum
752 2087 963 2162 molitiones
990 2088 1240 2163 Barbarornm
1277 2085 1503 2162 celeritatem
1532 2109 1610 2184 per·
1729 2178 1730 2189 ἶ

497 2214 677 2292 ficiendae
695 2216 750 2291 rei
768 2217 1010 2314 postularent,
1040 2215 1260 2292 continuatis
1271 2215 1350 2290 dies
1359 2223 1471 2312 atque
1490 2222 1613 2289 noctes
1729 2210 1730 2273 l

496 2343 690 2419 itineribus
717 2344 836 2439 legati
864 2343 975 2419 biduo
1002 2353 1086 2441 post
1110 2342 1435 2442 desponsationem
1454 2339 1613 2418 Graecio

497 2469 692 2560 Viennam,
712 2468 858 2544 Vienna
879 2494 967 2545 vero
987 2469 1024 2544 in
1044 2469 1360 2568 Transylvaniam
1380 2469 1536 2545 rediere.
1729 2470 1730 2481 ’

686 3129 860 3207 OAPVu
889 3127 1135 3206 DEOlMVM
1158 3127 1415 3222 QVINTVM.

523 3311 580 3384 De
601 3309 762 3388 Comitiis
780 3309 987 3384 vernalibus
1022 3309 1363 3410 lbaogloanorum
1393 3335 1581 3408 eorumque

886 3435 1017 3511 ibidem
1036 3437 1212 3512 Decretis·

600 3634 849 3713 Praemiserat
867 3633 1080 3732 Stephanus
1099 3632 1266 3709 Boczkai
1297 3631 1477 3731 Princeps
1507 3630 1606 3731 lega·

495 3762 606 3839 tionis
626 3771 747 3838 certos
767 3787 787 3836 e
807 3782 874 3837 suo
886 3760 1069 3853 comitatu,
1090 3782 1288 3858 eorumque
1317 3782 1434 3858 opera
1462 3759 1605 3835 felicem

493 3888 691 3987 legationis
711 3897 880 3964 eventum
901 3894 1042 3962 mature
1061 3884 1227 3985 Prinoipi
1245 3885 1534 3983 significaverat,
1571 3892 1608 3958 et

493 4024 567 4092 tam
587 4015 815 4093 conditiones
846 4013 1021 4110 foederis,
1050 4037 1160 4110 quam
1187 4013 1315 4088 initum
1344 4011 1607 4088 matrimonium

492 4142 562 4218 rite
581 4141 862 4241 perscripserat.
874 4139 1017 4232 Quibus
1038 4139 1204 4214 omnihus
1215 4138 1394 4238 Princeps
1403 4137 1603 4236 Sigismun·

493 4269 571 4360 dns,
590 4289 703 4367 supra
722 4289 830 4364 quam
849 4265 1016 4363 cuiquam
1035 4265 1211 4341 credibile
1231 4265 1290 4357 sit,
1310 4263 1552 4354 exhilaratus,
1570 4269 1606 4337 et

492 4394 695 4471 ministrum
714 4402 790 4469 tam
808 4393 895 4469 laeti
914 4393 1036 4470 nuncii
1055 4393 1261 4470 liberaliter
1281 4391 1442 4484 donavit,
1462 4400 1499 4467 et
1518 4411 1602 4488 quo·

492 4520 597 4595 modo
623 4519 888 4618 quamprimum
909 4541 970 4594 res
989 4518 1161 4595 inchoata
1189 4518 1302 4594 semel
1322 4517 1449 4614 pertici
1464 4524 1605 4616 posset,
1729 4602 1730 4605 p

492 4647 553 4721 diu
572 4646 792 4743 multumque
812 4669 935 4719 secum
955 4654 992 4719 et
1021 4670 1101 4720 cum
1120 4643 1356 4720 consiliariis
1385 4642 1604 4741 disquisivit.

492 4769 1604 4866 'laudemnevidereturincousultisRegniOrdinibusagera
1729 4788 1730 4797 ¹
