3625 5534
533 528 583 579 nu
602 527 683 580 aaa.
703 525 789 579 vua.
811 526 894 577 nnc.
918 527 953 576 x.
972 526 1006 576 u.
1025 527 1060 576 x.
1285 504 1362 582 263

241 704 439 778 adveutum
467 703 814 799 Transylvanorum
833 721 976 774 summa
1003 724 1083 776 cnm
1116 702 1363 800 trepidatione

237 827 468 906 denunciant.
496 827 556 902 Ea
574 850 614 902 re
641 826 768 902 audita
795 832 1053 901 consternatus
1071 827 1204 921 Bassa,
1234 828 1363 905 eodem

234 961 420 1031 momento
439 952 544 1028 iubet
561 953 672 1048 signa
690 951 835 1044 referri,
862 951 1138 1050 maioribusque
1157 954 1362 1049 tormentis,

233 1102 279 1154 ac
297 1079 432 1155 ceteris
450 1077 722 1176 impedimentis
739 1076 882 1173 passim
909 1077 1061 1170 relictis,
1081 1086 1218 1175 quanta
1236 1087 1359 1176 potest

237 1204 433 1280 celeritate
450 1203 577 1300 fugam
605 1210 705 1279 retro
732 1202 875 1300 arripit.
908 1203 966 1277 Ita
993 1204 1161 1278 obsessis
1180 1203 1362 1282 adventus

232 1328 391 1421 Hazoui,
428 1328 589 1416 Hazopo
609 1321 687 1426 (alii
714 1322 899 1425 Csaffero)
928 1329 1018 1426 fuga
1036 1337 1244 1407 nostrornm
1263 1331 1359 1406 saln-

231 1463 305 1531 tem
333 1453 466 1530 attulit.
506 1451 666 1550 Cognito
692 1453 843 1528 tandem
862 1474 989 1528 errore
1006 1451 1184 1530 Hazonns
1204 1457 1359 1532 Timic-

231 1602 362 1657 varuur
382 1579 547 1680 appellit
578 1587 616 1655 et
643 1577 852 1677 conspectis
870 1600 1056 1684 murorum
1074 1580 1190 1656 ruinis
1209 1603 1360 1678 magno·

233 1705 508 1806 perennabat,
545 1726 726 1806 quaenam
754 1704 866 1780 inerit
883 1726 1008 1798 cansa,
1036 1706 1084 1780 ob
1114 1729 1224 1804 qnam
1241 1706 1359 1784 nostri

233 1838 375 1908 tantam
393 1833 488 1909 benc
518 1829 706 1928 gerendae
731 1830 786 1905 rei
814 1830 1045 1906 occasionem
1064 1831 1358 1910 intermisissent

237 1953 328 2034 Mox
347 1956 464 2033 ruinis
492 1955 643 2032 reiectis
672 1954 956 2053 collandataqnc
976 1957 1160 2055 praefecti
1188 1981 1233 2032 ac
1262 1964 1356 2033 cctc·

231 2103 357 2158 rorum
376 2080 529 2156 miiitum
549 2079 756 2172 alacritate,
784 2080 921 2157 Albam
940 2081 1106 2176 Nandor,
1134 2081 1230 2157 unde
1249 2105 1356 2159 vene-

230 2213 299 2298 rat
317 2205 441 2282 rediit.
461 2204 521 2280 Ibi
540 2203 675 2281 castris
693 2205 827 2304 positis
838 2206 1015 2298 consedit,
1035 2215 1072 2283 et
1091 2206 1207 2283 veluti
1224 2206 1356 2305 inape·

232 2328 344 2408 lunca
363 2329 523 2432 quadam
541 2331 719 2406 excubias
738 2341 899 2424 acturus,
918 2331 957 2406 in
976 2331 1133 2408 consilia
1142 2339 1352 2409 nostrorum

232 2455 415 2553 singniari
426 2455 619 2552 diligentia
629 2451 816 2554 (animum)
827 2454 1019 2532 intendere
1030 2457 1160 2554 coepit
1173 2458 1354 2556 Transyl·

234 2580 323 2656 vani
343 2579 485 2656 duobus
504 2579 661 2672 circiter,
672 2580 927 2680 quacquitnm,
940 2581 1184 2680 quapeditnm
1195 2581 1357 2659 millibus

228 2703 374 2804 Lippae
384 2702 434 2778 ad
442 2703 620 2779 excubias
628 2726 697 2802 pro
707 2702 842 2779 finibus
853 2705 1021 2800 agendas
1031 2705 1184 2799 relictis,
1199 2707 1354 2783 Ioanne·

228 2853 299 2930 quc
310 2828 516 2906 Scelesteio
527 2829 1235 2931 Lippcnsiumiurisdictionipraefecto‚
1253 2839 1354 2934 post·

229 2976 340 3055 quam
357 2975 432 3029 non
450 2954 623 3050 exiguam
640 2954 807 3047 militum,
831 2956 996 3054 pulveris
1015 2956 1257 3052 tormentarii,
1278 2978 1353 3033 ma-

229 3077 421 3177 iorumque
457 3075 727 3173 machinarum,
770 3088 1049 3179 cetororumque
1088 3089 1354 3158 commeatuum

227 3204 409 3280 iactmam
432 3203 622 3299 iecissent,
649 3228 723 3305 qua
751 3207 881 3305 cuique
905 3207 1110 3306 proximum
1139 3207 1352 3284 commodis·

229 3329 433 3428 sinumque
450 3331 529 3424 suit,
553 3354 688 3428 magua
708 3353 789 3409 cum
808 3331 960 3408 tristitia
979 3332 1124 3410 domum
1143 3332 1297 3409 rediere.

686 3600 896 3610 --—--—-..-

586 3833 761 3946 carun
790 3832 991 3912 norun.

129 4027 137 4042 ·
224 4013 282 4088 De
298 4011 445 4110 infelici
462 4013 615 4090 locauit
634 4013 799 4092 Scelestii
820 4015 1031 4092 Cscnudcm
1058 4043 1181 4092 versas
1207 4017 1350 4113 capedi-

365 4146 473 4234 tionc‚
494 4155 527 4215 et
540 4140 727 4236 peditibus
744 4144 785 4216 in
808 4141 1062 4238 Transalpina
1086 4145 1211 4215 coemo.

330 4319 467 4397 Paucis
502 4321 697 4399 admodum
729 4321 858 4397 diebus
896 4319 1011 4418 quieti
1057 4315 1156 4395 datis
1186 4319 1349 4395 Ioannes

224 4445 450 4524 Scelesteius
473 4449 686 4545 praefectus
704 4445 916 4545 Lippcnsis,
944 4445 1079 4544 partim
1097 4453 1137 4520 ut
1155 4450 1349 4543 acceptum

220 4573 258 4648 in
275 4573 447 4672 proxima
475 4573 748 4672 oppugnatione
763 4571 1065 4648 Tcmusvariensi
1087 4570 1346 4647 detrimentum

220 4697 343 4800 aliquo
362 4697 541 4778 felicioris
567 4701 738 4778 fortunae
765 4721 942 4777 successu
962 4704 1234 4802 compensaret,
1263 4720 1345 4801 par·
