<?xml version="1.0" encoding="UTF-8"?>
<!DOCTYPE html PUBLIC "-//W3C//DTD XHTML 1.0 Transitional//EN"
    "http://www.w3.org/TR/xhtml1/DTD/xhtml1-transitional.dtd">
<html xmlns="http://www.w3.org/1999/xhtml" xml:lang="en" lang="en">
 <head>
  <title>
</title>
<meta http-equiv="Content-Type" content="text/html;charset=utf-8" />
  <meta name='ocr-system' content='tesseract 3.04.00' />
  <meta name='ocr-capabilities' content='ocr_page ocr_carea ocr_par ocr_line ocrx_word'/>
</head>
<body>
  <div class='ocr_page' id='page_1' title='image "./magyarhistorija00decsgoog_0292.png"; bbox 0 0 3625 5534; ppageno 0'>
   <div class='ocr_carea' id='block_1_1' title="bbox 887 529 1221 584">
    <p class='ocr_par' dir='ltr' id='par_1_1' title="bbox 887 529 1221 584">
     <span class='ocr_line' id='line_1_1' title="bbox 887 529 1221 584; baseline 0.006 -2"><span class='ocrx_word' id='word_1_1' title='bbox 887 529 936 583; x_wconf 81' lang='lat'><strong>10.</strong></span> <span class='ocrx_word' id='word_1_2' title='bbox 954 529 1054 580; x_wconf 80' lang='lat' dir='ltr'><strong>ouon</strong></span> <span class='ocrx_word' id='word_1_3' title='bbox 1072 529 1221 584; x_wconf 78' lang='lat' dir='ltr'><strong>usuovll</strong></span> 
     </span>
    </p>
   </div>
   <div class='ocr_carea' id='block_1_2' title="bbox 799 845 1275 939">
    <p class='ocr_par' dir='ltr' id='par_1_2' title="bbox 799 845 1275 939">
     <span class='ocr_line' id='line_1_2' title="bbox 799 845 1275 939; baseline -0.006 -16"><span class='ocrx_word' id='word_1_4' title='bbox 799 845 976 924; x_wconf 82' lang='lat' dir='ltr'>OAPV&#39;P</span> <span class='ocrx_word' id='word_1_5' title='bbox 1004 845 1275 939; x_wconf 82' lang='lat' dir='ltr'><strong>QVARTVM.</strong></span> 
     </span>
    </p>
   </div>
   <div class='ocr_carea' id='block_1_3' title="bbox 557 1027 1511 1229">
    <p class='ocr_par' dir='ltr' id='par_1_3' title="bbox 557 1027 1511 1229">
     <span class='ocr_line' id='line_1_3' title="bbox 557 1027 1511 1130; baseline 0.003 -28"><span class='ocrx_word' id='word_1_6' title='bbox 557 1027 616 1102; x_wconf 84' lang='lat' dir='ltr'><strong>Dc</strong></span> <span class='ocrx_word' id='word_1_7' title='bbox 629 1027 859 1128; x_wconf 80' lang='lat' dir='ltr'><strong>profectione</strong></span> <span class='ocrx_word' id='word_1_8' title='bbox 878 1031 1070 1126; x_wconf 62' lang='lat' dir='ltr'><strong>Princcpis</strong></span> <span class='ocrx_word' id='word_1_9' title='bbox 1086 1029 1316 1130; x_wconf 57' lang='lat' dir='ltr'><strong>&amp;mundi</strong></span> <span class='ocrx_word' id='word_1_10' title='bbox 1333 1031 1373 1106; x_wconf 84' lang='lat' dir='ltr'><strong>in</strong></span> <span class='ocrx_word' id='word_1_11' title='bbox 1390 1046 1511 1108; x_wconf 83' lang='lat' dir='ltr'><strong>castra</strong></span> 
     </span>
     <span class='ocr_line' id='line_1_4' title="bbox 868 1153 1203 1229; baseline 0 -3"><span class='ocrx_word' id='word_1_12' title='bbox 868 1153 1203 1229; x_wconf 76' lang='lat' dir='ltr'><strong>Felseteltnlmensia.</strong></span> 
     </span>
    </p>
   </div>
   <div class='ocr_carea' id='block_1_4' title="bbox 474 1305 1593 2313">
    <p class='ocr_par' dir='ltr' id='par_1_4' title="bbox 474 1305 1593 2313">
     <span class='ocr_line' id='line_1_5' title="bbox 582 1305 1588 1431; baseline 0.003 -25"><span class='ocrx_word' id='word_1_13' title='bbox 582 1329 654 1406; x_wconf 90' lang='lat' dir='ltr'><strong>His</strong></span> <span class='ocrx_word' id='word_1_14' title='bbox 673 1331 784 1408; x_wconf 87' lang='lat' dir='ltr'><strong>rebus</strong></span> <span class='ocrx_word' id='word_1_15' title='bbox 803 1332 963 1428; x_wconf 90' lang='lat' dir='ltr'><strong>acceptis</strong></span> <span class='ocrx_word' id='word_1_16' title='bbox 983 1330 1163 1430; x_wconf 75' lang='lat' dir='ltr'>Princeps</span> <span class='ocrx_word' id='word_1_17' title='bbox 1182 1305 1328 1407; x_wconf 85' lang='lat' dir='ltr'><strong>Siculos</strong></span> <span class='ocrx_word' id='word_1_18' title='bbox 1356 1356 1500 1424; x_wconf 87' lang='lat' dir='ltr'><strong>omues,</strong></span> <span class='ocrx_word' id='word_1_19' title='bbox 1529 1335 1588 1431; x_wconf 90' lang='lat' dir='ltr'><strong>qui</strong></span> 
     </span>
     <span class='ocr_line' id='line_1_6' title="bbox 477 1459 1592 1557; baseline 0.001 -24"><span class='ocrx_word' id='word_1_20' title='bbox 477 1467 559 1534; x_wconf 93' lang='lat' dir='ltr'><strong>octo</strong></span> <span class='ocrx_word' id='word_1_21' title='bbox 579 1459 729 1533; x_wconf 87' lang='lat' dir='ltr'><strong>sedibus</strong></span> <span class='ocrx_word' id='word_1_22' title='bbox 749 1459 991 1549; x_wconf 90' lang='lat' dir='ltr'><strong>continentur,</strong></span> <span class='ocrx_word' id='word_1_23' title='bbox 1012 1482 1115 1534; x_wconf 83' lang='lat' dir='ltr'><strong>arma</strong></span> <span class='ocrx_word' id='word_1_24' title='bbox 1142 1480 1287 1534; x_wconf 90' lang='lat' dir='ltr'><strong>sumere</strong></span> <span class='ocrx_word' id='word_1_25' title='bbox 1315 1459 1437 1550; x_wconf 84' lang='lat' dir='ltr'><strong>iubet,</strong></span> <span class='ocrx_word' id='word_1_26' title='bbox 1459 1483 1592 1557; x_wconf 86' lang='lat' dir='ltr'><strong>eosque</strong></span> 
     </span>
     <span class='ocr_line' id='line_1_7' title="bbox 475 1583 1591 1681; baseline 0.003 -24"><span class='ocrx_word' id='word_1_27' title='bbox 475 1583 512 1658; x_wconf 93' lang='lat' dir='ltr'><strong>in</strong></span> <span class='ocrx_word' id='word_1_28' title='bbox 533 1584 667 1658; x_wconf 86' lang='lat' dir='ltr'><strong>castris</strong></span> <span class='ocrx_word' id='word_1_29' title='bbox 678 1583 929 1659; x_wconf 86' lang='lat' dir='ltr'><strong>Barcensibus</strong></span> <span class='ocrx_word' id='word_1_30' title='bbox 948 1591 1073 1659; x_wconf 86' lang='lat' dir='ltr'><strong>castra</strong></span> <span class='ocrx_word' id='word_1_31' title='bbox 1091 1583 1223 1658; x_wconf 88' lang='lat' dir='ltr'><strong>metari</strong></span> <span class='ocrx_word' id='word_1_32' title='bbox 1241 1585 1401 1659; x_wconf 82' lang='lat' dir='ltr'><strong>mandat</strong></span> <span class='ocrx_word' id='word_1_33' title='bbox 1420 1584 1468 1659; x_wconf 86' lang='lat' dir='ltr'><strong>Ei</strong></span> <span class='ocrx_word' id='word_1_34' title='bbox 1485 1607 1591 1681; x_wconf 82' lang='lat' dir='ltr'><strong>nego·</strong></span> 
     </span>
     <span class='ocr_line' id='line_1_8' title="bbox 475 1708 1590 1807; baseline 0.002 -25"><span class='ocrx_word' id='word_1_35' title='bbox 475 1708 524 1782; x_wconf 91' lang='lat' dir='ltr'><strong>tio</strong></span> <span class='ocrx_word' id='word_1_36' title='bbox 543 1716 620 1784; x_wconf 90' lang='lat' dir='ltr'><strong>tres</strong></span> <span class='ocrx_word' id='word_1_37' title='bbox 639 1710 862 1791; x_wconf 81' lang='lat' dir='ltr'><strong>authoritate</strong></span> <span class='ocrx_word' id='word_1_38' title='bbox 881 1709 1049 1807; x_wconf 84' lang='lat' dir='ltr'><strong>insigues</strong></span> <span class='ocrx_word' id='word_1_39' title='bbox 1068 1709 1168 1784; x_wconf 86' lang='lat' dir='ltr'><strong>viros</strong></span> <span class='ocrx_word' id='word_1_40' title='bbox 1187 1710 1373 1805; x_wconf 86' lang='lat' dir='ltr'><strong>praeficit:</strong></span> <span class='ocrx_word' id='word_1_41' title='bbox 1392 1709 1590 1786; x_wconf 88' lang='lat' dir='ltr'><strong>Balthsss·</strong></span> 
     </span>
     <span class='ocr_line' id='line_1_9' title="bbox 474 1834 1592 1933; baseline 0.001 -23"><span class='ocrx_word' id='word_1_42' title='bbox 474 1855 551 1910; x_wconf 92' lang='lat' dir='ltr'><strong>rem</strong></span> <span class='ocrx_word' id='word_1_43' title='bbox 569 1834 805 1933; x_wconf 86' lang='lat' dir='ltr'><strong>Bogathium,</strong></span> <span class='ocrx_word' id='word_1_44' title='bbox 829 1836 1069 1912; x_wconf 85' lang='lat' dir='ltr'><strong>Benedictum</strong></span> <span class='ocrx_word' id='word_1_45' title='bbox 1088 1835 1323 1926; x_wconf 85' lang='lat' dir='ltr'><strong>Miudszcnti,</strong></span> <span class='ocrx_word' id='word_1_46' title='bbox 1349 1843 1386 1910; x_wconf 90' lang='lat' dir='ltr'><strong>ct</strong></span> <span class='ocrx_word' id='word_1_47' title='bbox 1412 1834 1592 1932; x_wconf 82' lang='lat' dir='ltr'><strong>Volfgau·</strong></span> 
     </span>
     <span class='ocr_line' id='line_1_10' title="bbox 474 1959 1593 2062; baseline 0 -26"><span class='ocrx_word' id='word_1_48' title='bbox 474 1985 560 2058; x_wconf 84' lang='lat' dir='ltr'><strong>gum</strong></span> <span class='ocrx_word' id='word_1_49' title='bbox 579 1963 807 2056; x_wconf 87' lang='lat' dir='ltr'><strong>Koruisinm,</strong></span> <span class='ocrx_word' id='word_1_50' title='bbox 827 1964 962 2061; x_wconf 88' lang='lat' dir='ltr'><strong>quibus</strong></span> <span class='ocrx_word' id='word_1_51' title='bbox 980 1971 1114 2062; x_wconf 87' lang='lat' dir='ltr'><strong>postca</strong></span> <span class='ocrx_word' id='word_1_52' title='bbox 1133 1969 1170 2036; x_wconf 84' lang='lat' dir='ltr'><strong>ct</strong></span> <span class='ocrx_word' id='word_1_53' title='bbox 1189 1959 1416 2058; x_wconf 84' lang='lat' dir='ltr'><strong>Stephanum</strong></span> <span class='ocrx_word' id='word_1_54' title='bbox 1445 1959 1593 2038; x_wconf 80' lang='lat' dir='ltr'><strong>Thaidi·</strong></span> 
     </span>
     <span class='ocr_line' id='line_1_11' title="bbox 474 2084 1591 2187; baseline -0.002 -24"><span class='ocrx_word' id='word_1_55' title='bbox 474 2111 535 2164; x_wconf 93' lang='lat' dir='ltr'><strong>um</strong></span> <span class='ocrx_word' id='word_1_56' title='bbox 553 2089 730 2166; x_wconf 82' lang='lat' dir='ltr'><strong>adiunxit.</strong></span> <span class='ocrx_word' id='word_1_57' title='bbox 753 2088 825 2166; x_wconf 89' lang='lat' dir='ltr'><strong>Sed</strong></span> <span class='ocrx_word' id='word_1_58' title='bbox 846 2097 883 2165; x_wconf 90' lang='lat' dir='ltr'><strong>et</strong></span> <span class='ocrx_word' id='word_1_59' title='bbox 906 2090 1062 2187; x_wconf 90' lang='lat' dir='ltr'><strong>ipsemet</strong></span> <span class='ocrx_word' id='word_1_60' title='bbox 1084 2086 1263 2185; x_wconf 77' lang='lat' dir='ltr'>Princeps</span> <span class='ocrx_word' id='word_1_61' title='bbox 1281 2084 1388 2161; x_wconf 93' lang='lat' dir='ltr'>XVI.</span> <span class='ocrx_word' id='word_1_62' title='bbox 1409 2084 1591 2163; x_wconf 85' lang='lat' dir='ltr'><strong>Oalcudss</strong></span> 
     </span>
     <span class='ocr_line' id='line_1_12' title="bbox 474 2211 1591 2313; baseline -0.002 -24"><span class='ocrx_word' id='word_1_63' title='bbox 474 2212 703 2313; x_wconf 79' lang='lat' dir='ltr'><strong>Septembris</strong></span> <span class='ocrx_word' id='word_1_64' title='bbox 723 2211 822 2291; x_wconf 85' lang='lat' dir='ltr'><strong>Alba</strong></span> <span class='ocrx_word' id='word_1_65' title='bbox 841 2216 937 2291; x_wconf 87' lang='lat' dir='ltr'><strong>Iulis</strong></span> <span class='ocrx_word' id='word_1_66' title='bbox 962 2238 1042 2289; x_wconf 90' lang='lat' dir='ltr'><strong>cum</strong></span> <span class='ocrx_word' id='word_1_67' title='bbox 1069 2212 1201 2289; x_wconf 79' lang='lat' dir='ltr'><strong>aulicis</strong></span> <span class='ocrx_word' id='word_1_68' title='bbox 1230 2213 1308 2286; x_wconf 90' lang='lat' dir='ltr'><strong>suis</strong></span> <span class='ocrx_word' id='word_1_69' title='bbox 1336 2211 1453 2311; x_wconf 89' lang='lat' dir='ltr'><strong>copiis</strong></span> <span class='ocrx_word' id='word_1_70' title='bbox 1479 2215 1591 2310; x_wconf 91' lang='lat' dir='ltr'><strong>impc-</strong></span> 
     </span>
    </p>
   </div>
   <div class='ocr_carea' id='block_1_5' title="bbox 472 2335 1724 2438">
    <p class='ocr_par' dir='ltr' id='par_1_5' title="bbox 472 2335 1724 2438">
     <span class='ocr_line' id='line_1_13' title="bbox 472 2335 1724 2438; baseline -0.004 -24"><span class='ocrx_word' id='word_1_71' title='bbox 472 2339 714 2438; x_wconf 84' lang='lat' dir='ltr'><strong>dimentisque</strong></span> <span class='ocrx_word' id='word_1_72' title='bbox 733 2342 900 2417; x_wconf 90' lang='lat' dir='ltr'><strong>omuibus</strong></span> <span class='ocrx_word' id='word_1_73' title='bbox 921 2339 1117 2432; x_wconf 84' lang='lat' dir='ltr'><strong>excedens,</strong></span> <span class='ocrx_word' id='word_1_74' title='bbox 1138 2337 1279 2414; x_wconf 86' lang='lat' dir='ltr'><strong>modico</strong></span> <span class='ocrx_word' id='word_1_75' title='bbox 1300 2337 1434 2414; x_wconf 89' lang='lat' dir='ltr'><strong>itinere</strong></span> <span class='ocrx_word' id='word_1_76' title='bbox 1453 2338 1504 2413; x_wconf 86' lang='lat' dir='ltr'><strong>ad</strong></span> <span class='ocrx_word' id='word_1_77' title='bbox 1527 2335 1591 2413; x_wconf 87' lang='lat' dir='ltr'><strong>Sa·</strong></span> <span class='ocrx_word' id='word_1_78' title='bbox 1723 2426 1724 2433; x_wconf 7' lang='grc' dir='ltr'>ἵ</span> 
     </span>
    </p>
   </div>
   <div class='ocr_carea' id='block_1_6' title="bbox 473 2462 1724 2701">
    <p class='ocr_par' dir='ltr' id='par_1_6' title="bbox 473 2462 1724 2701">
     <span class='ocr_line' id='line_1_14' title="bbox 473 2462 1724 2573; baseline 0.002 -33"><span class='ocrx_word' id='word_1_79' title='bbox 473 2467 602 2540; x_wconf 87' lang='lat' dir='ltr'><strong>besum</strong></span> <span class='ocrx_word' id='word_1_80' title='bbox 631 2474 755 2543; x_wconf 86' lang='lat' dir='ltr'><strong>castra</strong></span> <span class='ocrx_word' id='word_1_81' title='bbox 782 2470 890 2558; x_wconf 89' lang='lat' dir='ltr'><strong>locat,</strong></span> <span class='ocrx_word' id='word_1_82' title='bbox 928 2473 968 2540; x_wconf 91' lang='lat' dir='ltr'><strong>ut</strong></span> <span class='ocrx_word' id='word_1_83' title='bbox 996 2487 1064 2541; x_wconf 86' lang='lat' dir='ltr'><strong>suc</strong></span> <span class='ocrx_word' id='word_1_84' title='bbox 1091 2463 1263 2562; x_wconf 82' lang='lat' dir='ltr'><strong>exemplo</strong></span> <span class='ocrx_word' id='word_1_85' title='bbox 1302 2470 1447 2540; x_wconf 87' lang='lat' dir='ltr'><strong>ceteras</strong></span> <span class='ocrx_word' id='word_1_86' title='bbox 1475 2462 1592 2559; x_wconf 81' lang='lat' dir='ltr'><strong>Regni</strong></span> <span class='ocrx_word' id='word_1_87' title='bbox 1723 2558 1724 2573; x_wconf 57' lang='lat'><strong>,</strong></span> 
     </span>
     <span class='ocr_line' id='line_1_15' title="bbox 473 2589 1724 2701; baseline -0.001 -37"><span class='ocrx_word' id='word_1_88' title='bbox 473 2591 599 2688; x_wconf 87' lang='lat' dir='ltr'><strong>copias</strong></span> <span class='ocrx_word' id='word_1_89' title='bbox 628 2594 892 2691; x_wconf 88' lang='lat' dir='ltr'><strong>quamprimum</strong></span> <span class='ocrx_word' id='word_1_90' title='bbox 922 2598 1104 2668; x_wconf 86' lang='lat' dir='ltr'><strong>evocaret</strong></span> <span class='ocrx_word' id='word_1_91' title='bbox 1135 2591 1194 2665; x_wconf 91' lang='lat' dir='ltr'><strong>Ibi</strong></span> <span class='ocrx_word' id='word_1_92' title='bbox 1213 2589 1394 2688; x_wconf 82' lang='lat' dir='ltr'><strong>postridie</strong></span> <span class='ocrx_word' id='word_1_93' title='bbox 1413 2590 1493 2666; x_wconf 87' lang='lat' dir='ltr'><strong>eius</strong></span> <span class='ocrx_word' id='word_1_94' title='bbox 1513 2589 1592 2678; x_wconf 86' lang='lat' dir='ltr'><strong>diei,</strong></span> <span class='ocrx_word' id='word_1_95' title='bbox 1723 2612 1724 2701; x_wconf 57' lang='lat' dir='ltr'>J</span> 
     </span>
    </p>
   </div>
   <div class='ocr_carea' id='block_1_7' title="bbox 471 2713 1724 2814">
    <p class='ocr_par' dir='ltr' id='par_1_7' title="bbox 471 2713 1724 2814">
     <span class='ocr_line' id='line_1_16' title="bbox 471 2713 1724 2814; baseline -0.002 -25"><span class='ocrx_word' id='word_1_96' title='bbox 471 2715 546 2789; x_wconf 91' lang='lat' dir='ltr'><strong>tria</strong></span> <span class='ocrx_word' id='word_1_97' title='bbox 574 2713 681 2789; x_wconf 87' lang='lat' dir='ltr'><strong>simul</strong></span> <span class='ocrx_word' id='word_1_98' title='bbox 707 2717 842 2814; x_wconf 84' lang='lat' dir='ltr'><strong>accipit</strong></span> <span class='ocrx_word' id='word_1_99' title='bbox 870 2716 1170 2814; x_wconf 76' lang='lat' dir='ltr'><strong>auspicatissimo</strong></span> <span class='ocrx_word' id='word_1_100' title='bbox 1198 2716 1341 2798; x_wconf 87' lang='lat' dir='ltr'><strong>nuncia,</strong></span> <span class='ocrx_word' id='word_1_101' title='bbox 1369 2715 1524 2812; x_wconf 75' lang='lat' dir='ltr'><strong>primum</strong></span> <span class='ocrx_word' id='word_1_102' title='bbox 1551 2714 1593 2787; x_wconf 87' lang='lat' dir='ltr'><strong>de</strong></span> <span class='ocrx_word' id='word_1_103' title='bbox 1723 2720 1724 2729; x_wconf 77' lang='grc'>’</span> 
     </span>
    </p>
   </div>
   <div class='ocr_carea' id='block_1_8' title="bbox 473 2838 1593 2940">
    <p class='ocr_par' dir='ltr' id='par_1_8' title="bbox 473 2814 1724 2940">
     <span class='ocr_line' id='line_1_17' title="bbox 473 2838 1593 2940; baseline 0.002 -28"><span class='ocrx_word' id='word_1_104' title='bbox 473 2838 595 2937; x_wconf 91' lang='lat' dir='ltr'><strong>Lippa</strong></span> <span class='ocrx_word' id='word_1_105' title='bbox 623 2847 743 2938; x_wconf 83' lang='lat' dir='ltr'><strong>capta,</strong></span> <span class='ocrx_word' id='word_1_106' title='bbox 774 2841 930 2917; x_wconf 86' lang='lat' dir='ltr'><strong>alterum</strong></span> <span class='ocrx_word' id='word_1_107' title='bbox 960 2842 1006 2916; x_wconf 87' lang='lat' dir='ltr'><strong>dc</strong></span> <span class='ocrx_word' id='word_1_108' title='bbox 1024 2839 1225 2940; x_wconf 86' lang='lat' dir='ltr'><strong>profligata</strong></span> <span class='ocrx_word' id='word_1_109' title='bbox 1262 2845 1371 2938; x_wconf 85' lang='lat' dir='ltr'><strong>parte</strong></span> <span class='ocrx_word' id='word_1_110' title='bbox 1409 2840 1593 2937; x_wconf 85' lang='lat' dir='ltr'><strong>copiarum</strong></span> 
     </span>
    </p>
   </div>
   <div class='ocr_carea' id='block_1_9' title="bbox 472 2962 1724 3192">
    <p class='ocr_par' dir='ltr' id='par_1_9' title="bbox 472 2962 1724 3192">
     <span class='ocr_line' id='line_1_18' title="bbox 473 2962 1724 3064; baseline -0.001 -25"><span class='ocrx_word' id='word_1_111' title='bbox 473 2962 610 3058; x_wconf 83' lang='lat' dir='ltr'><strong>Sinuri,</strong></span> <span class='ocrx_word' id='word_1_112' title='bbox 639 2966 784 3042; x_wconf 90' lang='lat' dir='ltr'><strong>tertium</strong></span> <span class='ocrx_word' id='word_1_113' title='bbox 806 2965 851 3042; x_wconf 86' lang='lat' dir='ltr'><strong>de</strong></span> <span class='ocrx_word' id='word_1_114' title='bbox 871 2966 1136 3064; x_wconf 81' lang='lat' dir='ltr'><strong>remigraticne</strong></span> <span class='ocrx_word' id='word_1_115' title='bbox 1163 2965 1417 3040; x_wconf 83' lang='lat' dir='ltr'><strong>&#39;Partsrorum</strong></span> <span class='ocrx_word' id='word_1_116' title='bbox 1446 2963 1519 3038; x_wconf 86' lang='lat' dir='ltr'><strong>His</strong></span> <span class='ocrx_word' id='word_1_117' title='bbox 1540 2987 1593 3038; x_wconf 91' lang='lat' dir='ltr'><strong>re·</strong></span> <span class='ocrx_word' id='word_1_118' title='bbox 1723 3042 1724 3053; x_wconf 47' lang='lat'><strong>,</strong></span> 
     </span>
     <span class='ocr_line' id='line_1_19' title="bbox 472 3089 1724 3192; baseline -0.003 -24"><span class='ocrx_word' id='word_1_119' title='bbox 472 3095 541 3169; x_wconf 90' lang='lat' dir='ltr'><strong>bus</strong></span> <span class='ocrx_word' id='word_1_120' title='bbox 560 3114 785 3192; x_wconf 83' lang='lat' dir='ltr'><strong>magnopere</strong></span> <span class='ocrx_word' id='word_1_121' title='bbox 805 3093 1034 3169; x_wconf 84' lang='lat' dir='ltr'><strong>exhilaratus</strong></span> <span class='ocrx_word' id='word_1_122' title='bbox 1045 3092 1237 3189; x_wconf 87' lang='lat' dir='ltr'><strong>Princeps,</strong></span> <span class='ocrx_word' id='word_1_123' title='bbox 1257 3091 1438 3191; x_wconf 84' lang='lat' dir='ltr'><strong>postridie</strong></span> <span class='ocrx_word' id='word_1_124' title='bbox 1448 3089 1591 3167; x_wconf 88' lang='lat' dir='ltr'><strong>Sabeso</strong></span> <span class='ocrx_word' id='word_1_125' title='bbox 1723 3090 1724 3095; x_wconf 64' lang='lat'>‘</span> 
     </span>
    </p>
   </div>
   <div class='ocr_carea' id='block_1_10' title="bbox 471 3218 1595 3819">
    <p class='ocr_par' dir='ltr' id='par_1_10' title="bbox 471 3218 1595 3819">
     <span class='ocr_line' id='line_1_20' title="bbox 473 3218 1593 3316; baseline -0.001 -23"><span class='ocrx_word' id='word_1_126' title='bbox 473 3219 596 3310; x_wconf 86' lang='lat' dir='ltr'><strong>movit,</strong></span> <span class='ocrx_word' id='word_1_127' title='bbox 615 3226 653 3293; x_wconf 89' lang='lat' dir='ltr'><strong>et</strong></span> <span class='ocrx_word' id='word_1_128' title='bbox 680 3219 798 3294; x_wconf 84' lang='lat' dir='ltr'><strong>sextis</strong></span> <span class='ocrx_word' id='word_1_129' title='bbox 827 3219 960 3293; x_wconf 83' lang='lat' dir='ltr'><strong>castris</strong></span> <span class='ocrx_word' id='word_1_130' title='bbox 978 3218 1017 3293; x_wconf 93' lang='lat' dir='ltr'><strong>in</strong></span> <span class='ocrx_word' id='word_1_131' title='bbox 1042 3241 1193 3316; x_wconf 86' lang='lat' dir='ltr'><strong>campos</strong></span> <span class='ocrx_word' id='word_1_132' title='bbox 1222 3218 1432 3294; x_wconf 72' lang='lat' dir='ltr'><strong>Beruenses</strong></span> <span class='ocrx_word' id='word_1_133' title='bbox 1460 3218 1509 3294; x_wconf 87' lang='lat' dir='ltr'><strong>sd</strong></span> <span class='ocrx_word' id='word_1_134' title='bbox 1536 3239 1593 3314; x_wconf 89' lang='lat' dir='ltr'><strong>op·</strong></span> 
     </span>
     <span class='ocr_line' id='line_1_21' title="bbox 472 3341 1594 3441; baseline 0.001 -26"><span class='ocrx_word' id='word_1_135' title='bbox 472 3343 596 3440; x_wconf 89' lang='lat' dir='ltr'><strong>pidum</strong></span> <span class='ocrx_word' id='word_1_136' title='bbox 633 3343 903 3420; x_wconf 80' lang='lat' dir='ltr'><strong>Feketehalcm</strong></span> <span class='ocrx_word' id='word_1_137' title='bbox 942 3345 1131 3441; x_wconf 86' lang='lat' dir='ltr'><strong>pervenit,</strong></span> <span class='ocrx_word' id='word_1_138' title='bbox 1170 3345 1304 3440; x_wconf 85' lang='lat' dir='ltr'><strong>ibique</strong></span> <span class='ocrx_word' id='word_1_139' title='bbox 1341 3341 1483 3418; x_wconf 85' lang='lat' dir='ltr'><strong>auxilia</strong></span> <span class='ocrx_word' id='word_1_140' title='bbox 1519 3364 1594 3416; x_wconf 89' lang='lat' dir='ltr'><strong>curu</strong></span> 
     </span>
     <span class='ocr_line' id='line_1_22' title="bbox 471 3467 1595 3568; baseline -0.002 -25"><span class='ocrx_word' id='word_1_141' title='bbox 471 3467 725 3567; x_wconf 77' lang='lat' dir='ltr'><strong>provincialia,</strong></span> <span class='ocrx_word' id='word_1_142' title='bbox 763 3475 839 3543; x_wconf 92' lang='lat' dir='ltr'><strong>tum</strong></span> <span class='ocrx_word' id='word_1_143' title='bbox 866 3477 1021 3545; x_wconf 82' lang='lat' dir='ltr'><strong>externa</strong></span> <span class='ocrx_word' id='word_1_144' title='bbox 1058 3470 1282 3568; x_wconf 86' lang='lat' dir='ltr'><strong>praestolari</strong></span> <span class='ocrx_word' id='word_1_145' title='bbox 1309 3471 1450 3544; x_wconf 83' lang='lat' dir='ltr'><strong>statuit.</strong></span> <span class='ocrx_word' id='word_1_146' title='bbox 1483 3469 1595 3543; x_wconf 88' lang='lat' dir='ltr'><strong>Inter·</strong></span> 
     </span>
     <span class='ocr_line' id='line_1_23' title="bbox 472 3593 1595 3694; baseline -0.004 -24"><span class='ocrx_word' id='word_1_147' title='bbox 472 3617 518 3670; x_wconf 88' lang='lat' dir='ltr'><strong>ca</strong></span> <span class='ocrx_word' id='word_1_148' title='bbox 554 3599 696 3692; x_wconf 87' lang='lat' dir='ltr'><strong>partem</strong></span> <span class='ocrx_word' id='word_1_149' title='bbox 726 3596 911 3671; x_wconf 84' lang='lat' dir='ltr'><strong>exercitus</strong></span> <span class='ocrx_word' id='word_1_150' title='bbox 940 3619 1021 3671; x_wconf 92' lang='lat' dir='ltr'><strong>cum</strong></span> <span class='ocrx_word' id='word_1_151' title='bbox 1067 3594 1338 3694; x_wconf 84' lang='lat' dir='ltr'><strong>impedimentis</strong></span> <span class='ocrx_word' id='word_1_152' title='bbox 1386 3593 1595 3691; x_wconf 85' lang='lat' dir='ltr'><strong>praemittit,</strong></span> 
     </span>
     <span class='ocr_line' id='line_1_24' title="bbox 473 3717 1593 3819; baseline -0.005 -22"><span class='ocrx_word' id='word_1_153' title='bbox 473 3720 582 3797; x_wconf 87' lang='lat' dir='ltr'><strong>etiam</strong></span> <span class='ocrx_word' id='word_1_154' title='bbox 609 3721 768 3818; x_wconf 84' lang='lat' dir='ltr'><strong>ipsemet</strong></span> <span class='ocrx_word' id='word_1_155' title='bbox 795 3722 913 3819; x_wconf 90' lang='lat' dir='ltr'><strong>primo</strong></span> <span class='ocrx_word' id='word_1_156' title='bbox 944 3744 1088 3818; x_wconf 89' lang='lat' dir='ltr'><strong>quoque</strong></span> <span class='ocrx_word' id='word_1_157' title='bbox 1115 3728 1280 3818; x_wconf 87' lang='lat' dir='ltr'><strong>tempore</strong></span> <span class='ocrx_word' id='word_1_158' title='bbox 1319 3719 1513 3817; x_wconf 87' lang='lat' dir='ltr'><strong>suppetias</strong></span> <span class='ocrx_word' id='word_1_159' title='bbox 1542 3717 1593 3793; x_wconf 88' lang='lat' dir='ltr'><strong>eis</strong></span> 
     </span>
    </p>
   </div>
   <div class='ocr_carea' id='block_1_11' title="bbox 477 3845 1724 3944">
    <p class='ocr_par' dir='ltr' id='par_1_11' title="bbox 477 3845 1724 3944">
     <span class='ocr_line' id='line_1_25' title="bbox 477 3845 1724 3944; baseline -0.002 -23"><span class='ocrx_word' id='word_1_160' title='bbox 477 3848 631 3922; x_wconf 87' lang='lat' dir='ltr'><strong>laturus.</strong></span> <span class='ocrx_word' id='word_1_161' title='bbox 653 3845 793 3938; x_wconf 89' lang='lat' dir='ltr'><strong>Nostri,</strong></span> <span class='ocrx_word' id='word_1_162' title='bbox 813 3846 983 3942; x_wconf 87' lang='lat' dir='ltr'><strong>quamvis</strong></span> <span class='ocrx_word' id='word_1_163' title='bbox 1002 3847 1166 3944; x_wconf 89' lang='lat' dir='ltr'><strong>impares</strong></span> <span class='ocrx_word' id='word_1_164' title='bbox 1177 3845 1275 3920; x_wconf 89' lang='lat' dir='ltr'><strong>hosti</strong></span> <span class='ocrx_word' id='word_1_165' title='bbox 1284 3866 1435 3919; x_wconf 91' lang='lat' dir='ltr'><strong>numero</strong></span> <span class='ocrx_word' id='word_1_166' title='bbox 1456 3851 1588 3922; x_wconf 80' lang='lat' dir='ltr'><strong>esseut</strong></span> <span class='ocrx_word' id='word_1_167' title='bbox 1723 3912 1724 3919; x_wconf 13' lang='lat' dir='ltr'><strong>i</strong></span> 
     </span>
    </p>
   </div>
   <div class='ocr_carea' id='block_1_12' title="bbox 473 3968 1594 4559">
    <p class='ocr_par' dir='ltr' id='par_1_12' title="bbox 473 3968 1594 4559">
     <span class='ocr_line' id='line_1_26' title="bbox 473 3968 1590 4046; baseline -0.004 -1"><span class='ocrx_word' id='word_1_168' title='bbox 473 3978 596 4046; x_wconf 87' lang='lat' dir='ltr'><strong>tamen</strong></span> <span class='ocrx_word' id='word_1_169' title='bbox 614 3976 719 4046; x_wconf 88' lang='lat' dir='ltr'><strong>tanta</strong></span> <span class='ocrx_word' id='word_1_170' title='bbox 738 3971 903 4046; x_wconf 89' lang='lat' dir='ltr'><strong>bonitate</strong></span> <span class='ocrx_word' id='word_1_171' title='bbox 923 3970 1009 4044; x_wconf 85' lang='lat' dir='ltr'><strong>freti</strong></span> <span class='ocrx_word' id='word_1_172' title='bbox 1028 3993 1173 4044; x_wconf 92' lang='lat' dir='ltr'><strong>manum</strong></span> <span class='ocrx_word' id='word_1_173' title='bbox 1203 3992 1283 4044; x_wconf 91' lang='lat' dir='ltr'><strong>cum</strong></span> <span class='ocrx_word' id='word_1_174' title='bbox 1301 3968 1484 4043; x_wconf 82' lang='lat' dir='ltr'><strong>Barbaria</strong></span> <span class='ocrx_word' id='word_1_175' title='bbox 1512 3989 1590 4042; x_wconf 92' lang='lat' dir='ltr'><strong>cou-</strong></span> 
     </span>
     <span class='ocr_line' id='line_1_27' title="bbox 477 4092 1591 4191; baseline -0.002 -22"><span class='ocrx_word' id='word_1_176' title='bbox 477 4119 603 4171; x_wconf 89' lang='lat' dir='ltr'><strong>serere</strong></span> <span class='ocrx_word' id='word_1_177' title='bbox 614 4118 687 4170; x_wconf 92' lang='lat' dir='ltr'><strong>non</strong></span> <span class='ocrx_word' id='word_1_178' title='bbox 697 4103 946 4190; x_wconf 87' lang='lat' dir='ltr'><strong>recusassent,</strong></span> <span class='ocrx_word' id='word_1_179' title='bbox 955 4095 993 4170; x_wconf 92' lang='lat' dir='ltr'><strong>ni</strong></span> <span class='ocrx_word' id='word_1_180' title='bbox 1004 4092 1387 4191; x_wconf 85' lang='lat' dir='ltr'><strong>gravitcraPriucipe</strong></span> <span class='ocrx_word' id='word_1_181' title='bbox 1396 4093 1591 4168; x_wconf 90' lang='lat' dir='ltr'><strong>iniunctum</strong></span> 
     </span>
     <span class='ocr_line' id='line_1_28' title="bbox 473 4217 1591 4315; baseline -0.001 -23"><span class='ocrx_word' id='word_1_182' title='bbox 473 4219 548 4296; x_wconf 87' lang='lat' dir='ltr'><strong>illis</strong></span> <span class='ocrx_word' id='word_1_183' title='bbox 566 4222 671 4303; x_wconf 84' lang='lat' dir='ltr'><strong>foret,</strong></span> <span class='ocrx_word' id='word_1_184' title='bbox 692 4243 738 4295; x_wconf 90' lang='lat' dir='ltr'><strong>uc</strong></span> <span class='ocrx_word' id='word_1_185' title='bbox 756 4222 939 4296; x_wconf 82' lang='lat' dir='ltr'><strong>fortunam</strong></span> <span class='ocrx_word' id='word_1_186' title='bbox 961 4228 1046 4296; x_wconf 90' lang='lat' dir='ltr'><strong>aute</strong></span> <span class='ocrx_word' id='word_1_187' title='bbox 1065 4220 1262 4294; x_wconf 86' lang='lat' dir='ltr'><strong>adventum</strong></span> <span class='ocrx_word' id='word_1_188' title='bbox 1282 4240 1387 4293; x_wconf 88' lang='lat' dir='ltr'><strong>suum</strong></span> <span class='ocrx_word' id='word_1_189' title='bbox 1407 4217 1591 4315; x_wconf 83' lang='lat' dir='ltr'><strong>periclita-</strong></span> 
     </span>
     <span class='ocr_line' id='line_1_29' title="bbox 473 4343 1594 4442; baseline -0.007 -21"><span class='ocrx_word' id='word_1_190' title='bbox 473 4353 608 4421; x_wconf 92' lang='lat' dir='ltr'><strong>rentur.</strong></span> <span class='ocrx_word' id='word_1_191' title='bbox 640 4344 760 4436; x_wconf 82' lang='lat' dir='ltr'><strong>Quum</strong></span> <span class='ocrx_word' id='word_1_192' title='bbox 789 4355 910 4423; x_wconf 83' lang='lat' dir='ltr'><strong>autem</strong></span> <span class='ocrx_word' id='word_1_193' title='bbox 940 4346 1084 4421; x_wconf 84' lang='lat' dir='ltr'><strong>audiret</strong></span> <span class='ocrx_word' id='word_1_194' title='bbox 1121 4344 1301 4442; x_wconf 84' lang='lat' dir='ltr'><strong>Princeps</strong></span> <span class='ocrx_word' id='word_1_195' title='bbox 1339 4343 1525 4418; x_wconf 86' lang='lat' dir='ltr'><strong>Tartaros</strong></span> <span class='ocrx_word' id='word_1_196' title='bbox 1560 4347 1594 4414; x_wconf 92' lang='lat' dir='ltr'><strong>et</strong></span> 
     </span>
     <span class='ocr_line' id='line_1_30' title="bbox 473 4465 1593 4559; baseline -0.006 -14"><span class='ocrx_word' id='word_1_197' title='bbox 473 4471 656 4545; x_wconf 83' lang='lat' dir='ltr'><strong>Korakos</strong></span> <span class='ocrx_word' id='word_1_198' title='bbox 676 4492 749 4548; x_wconf 85' lang='lat' dir='ltr'><strong>uua</strong></span> <span class='ocrx_word' id='word_1_199' title='bbox 769 4494 848 4546; x_wconf 92' lang='lat' dir='ltr'><strong>cum</strong></span> <span class='ocrx_word' id='word_1_200' title='bbox 868 4469 1021 4547; x_wconf 83' lang='lat' dir='ltr'><strong>Polouis</strong></span> <span class='ocrx_word' id='word_1_201' title='bbox 1042 4471 1268 4546; x_wconf 87' lang='lat' dir='ltr'><strong>Moldaviam</strong></span> <span class='ocrx_word' id='word_1_202' title='bbox 1287 4469 1479 4559; x_wconf 86' lang='lat' dir='ltr'><strong>infestare,</strong></span> <span class='ocrx_word' id='word_1_203' title='bbox 1504 4465 1593 4541; x_wconf 89' lang='lat' dir='ltr'><strong>Mol·</strong></span> 
     </span>
    </p>
   </div>
   <div class='ocr_carea' id='block_1_13' title="bbox 471 4582 1724 4831">
    <p class='ocr_par' dir='ltr' id='par_1_13' title="bbox 471 4582 1724 4831">
     <span class='ocr_line' id='line_1_31' title="bbox 472 4582 1724 4695; baseline -0.003 -27"><span class='ocrx_word' id='word_1_204' title='bbox 472 4595 607 4671; x_wconf 86' lang='lat' dir='ltr'><strong>daviae</strong></span> <span class='ocrx_word' id='word_1_205' title='bbox 626 4596 798 4672; x_wconf 88' lang='lat' dir='ltr'><strong>Palatino</strong></span> <span class='ocrx_word' id='word_1_206' title='bbox 821 4598 952 4674; x_wconf 89' lang='lat' dir='ltr'><strong>scribit</strong></span> <span class='ocrx_word' id='word_1_207' title='bbox 961 4599 1106 4674; x_wconf 89' lang='lat' dir='ltr'><strong>nominc</strong></span> <span class='ocrx_word' id='word_1_208' title='bbox 1118 4594 1316 4695; x_wconf 87' lang='lat' dir='ltr'><strong>Stephano,</strong></span> <span class='ocrx_word' id='word_1_209' title='bbox 1338 4616 1446 4691; x_wconf 89' lang='lat' dir='ltr'><strong>quem</strong></span> <span class='ocrx_word' id='word_1_210' title='bbox 1457 4590 1594 4668; x_wconf 84' lang='lat' dir='ltr'><strong>Aaroui</strong></span> <span class='ocrx_word' id='word_1_211' title='bbox 1723 4582 1724 4587; x_wconf 62' lang='grc'>’</span> 
     </span>
     <span class='ocr_line' id='line_1_32' title="bbox 471 4719 1724 4831; baseline -0.003 -38"><span class='ocrx_word' id='word_1_212' title='bbox 471 4729 747 4814; x_wconf 83' lang='lat' dir='ltr'><strong>surrogaverat,</strong></span> <span class='ocrx_word' id='word_1_213' title='bbox 776 4731 814 4797; x_wconf 91' lang='lat' dir='ltr'><strong>ut</strong></span> <span class='ocrx_word' id='word_1_214' title='bbox 844 4724 984 4799; x_wconf 89' lang='lat' dir='ltr'><strong>coactis</strong></span> <span class='ocrx_word' id='word_1_215' title='bbox 1015 4725 1052 4796; x_wconf 89' lang='lat' dir='ltr'><strong>iu</strong></span> <span class='ocrx_word' id='word_1_216' title='bbox 1081 4721 1319 4819; x_wconf 87' lang='lat' dir='ltr'><strong>provinciam,</strong></span> <span class='ocrx_word' id='word_1_217' title='bbox 1351 4719 1483 4815; x_wconf 90' lang='lat' dir='ltr'><strong>quibus</strong></span> <span class='ocrx_word' id='word_1_218' title='bbox 1514 4739 1592 4817; x_wconf 90' lang='lat' dir='ltr'><strong>pos·</strong></span> <span class='ocrx_word' id='word_1_219' title='bbox 1723 4820 1724 4831; x_wconf 8' lang='grc' dir='ltr'>ἵ</span> 
     </span>
    </p>
   </div>
   <div class='ocr_carea' id='block_1_14' title="bbox 0 0 1818 5534">
    <p class='ocr_par' dir='ltr' id='par_1_14' title="bbox 0 0 1818 5534">
     <span class='ocr_line' id='line_1_33' title="bbox 0 0 1818 5534; baseline 0 0"><span class='ocrx_word' id='word_1_220' title='bbox 0 0 1818 5534; x_wconf 95' lang='lat' dir='ltr'><strong> </strong></span> 
     </span>
    </p>
   </div>
  </div>
 </body>
</html>
