3625 5534
492 503 541 552 ns
558 501 640 552 aas.
661 500 745 552 vus.
765 500 849 551 nnc.
870 501 906 550 x.
928 500 960 552 c.
979 500 1015 550 11.
1260 475 1310 552 27

212 678 417 754 exhaustum
435 678 545 768 viris,
572 679 717 767 nervis,
736 677 820 751 odio
849 677 969 752 asnis
997 677 1154 753 haberi:
1182 677 1311 752 borum

210 805 293 880 alios
318 803 480 878 avaritia
506 803 683 891 infames,
713 827 759 878 ac
776 804 934 902 pecunia
960 804 1140 901 corrumpi
1169 803 1309 898 faciles,

208 932 293 1008 abos
312 930 444 1005 mentis
463 929 613 1027 inopes,
634 930 729 1004 alios
748 929 850 1020 iocis,
870 930 977 1020 ludis,
996 930 1193 1028 puerisque
1212 932 1310 1008 dedi·

208 1071 267 1152 tos
285 1057 474 1134 discordes
488 1056 586 1131 inter
604 1078 657 1150 se,
667 1055 802 1133 Aulam
811 1065 925 1132 totam
934 1063 1129 1152 nutantem,
1149 1058 1310 1135 avidam·

209 1211 270 1285 qne
283 1184 475 1276 novitatis,
503 1185 631 1260 urbem
659 1185 816 1283 denique
839 1186 980 1284 ipsam,
1008 1193 1196 1284 totumque
1220 1187 1310 1263 illud

208 1325 275 1391 tam
291 1321 434 1390 vastum
454 1309 630 1387 Caesaris
649 1312 862 1410 Imperium,
882 1297 1062 1410 quomodo
1081 1338 1217 1392 exuere
1236 1324 1310 1391 tam

209 1466 314 1537 grave
329 1441 453 1536 iugum
463 1439 608 1534 gestiat,
619 1460 661 1514 se
669 1440 780 1537 plane
791 1441 1020 1538 exploratum
1038 1439 1188 1533 babere,
1208 1465 1309 1538 mag·

209 1593 251 1643 na
266 1568 302 1641 ri
319 1564 497 1642 orationis
515 1566 835 1641 commemorabat.
863 1567 909 1640 In
927 1566 1029 1642 calce
1057 1566 1254 1660 literarum,
1274 1576 1312 1645 et

209 1695 338 1790 Regem
356 1715 473 1784 snum,
483 1697 521 1766 et
534 1699 685 1767 cunctos
696 1690 888 1790 Principes
908 1689 1151 1786 Christianos,
1170 1700 1211 1769 nt
1229 1718 1311 1770 con-

207 1831 260 1898 tra
276 1821 417 1898 Turcas
427 1842 530 1895 arma
548 1826 732 1917 caperent,
752 1821 979 1913 exhortatae,
997 1818 1144 1896 facilem
1163 1822 1219 1897 eis
1237 1821 1321 1914 vic·-

208 1948 327 2024 toriam
353 1946 607 2045 pollicebatur.
635 1944 741 2038 Quae
770 1946 892 2022 omnia
921 1947 1088 2042 quamvis
1116 1947 1189 2023 iam
1217 1947 1309 2023 satis

207 2077 402 2169 arguerent,
413 2093 485 2168 quo
497 2070 615 2147 animo
626 2068 804 2148 Germani
814 2073 852 2148 in
862 2069 1064 2148 Caesarem
1083 2072 1308 2171 essentpla·

208 2201 273 2275 enit
287 2208 406 2274 tamen
425 2195 564 2274 Sinano
594 2200 774 2296 experiri,
802 2224 849 2275 an
869 2206 993 2274 cetera
1019 2198 1130 2275 etiam
1149 2222 1311 2276 consona

207 2325 303 2400 dictis
327 2323 460 2399 indicis
486 2331 621 2400 essent
650 2327 782 2424 Itaque
809 2326 976 2424 poscenti
1003 2326 1168 2423 adiungit
1197 2328 1329 2403 comi-2

207 2460 266 2544 tes,
283 2452 341 2550 qni
359 2451 463 2525 iussa
480 2450 560 2525 eins
579 2459 827 2550 capesserent,
848 2453 980 2549 quibus
990 2452 1150 2550 stipatus
1167 2452 1242 2545 ille,
1261 2452 1310 2530 ad

206 2579 304 2654 aedes
321 2578 456 2675 Legati
475 2586 578 2654 recta
595 2580 792 2670 contendit,
807 2580 1060 2677 submotisque
1080 2580 1159 2656 eius
1170 2581 1310 2657 domes-

206 2705 296 2797 ticis,
319 2727 364 2780 ac
381 2703 522 2802 apertis
541 2706 937 2782 conclaviumioribus
955 2730 1023 2805 per
1040 2715 1148 2782 notos
1166 2707 1310 2783 aedium

207 2831 378 2925 tramites,
408 2853 451 2906 eo
471 2831 659 2929 pervenit,
686 2832 750 2906 nbi
769 2833 936 2929 Legatos
964 2833 1104 2931 scripta
1121 2835 1309 2931 quaelibet

207 2979 282 3050 sna,
300 2979 432 3054 resque
451 2945 922 3034 secretiores'asservnbat.
952 2957 1023 3033 His
1043 2958 1168 3036 statim
1184 2958 1311 3052 invito,

205 3083 458 3182 reluctantique
492 3083 636 3181 Legato
664 3086 843 3177 extortis,
872 3084 1082 3182 Sinanoquc
1117 3085 1308 3184 expositis,

206 3211 324 3306 quibus
341 3209 476 3306 Legati
503 3216 606 3302 acta,
636 3209 863 3308 consiliaque
881 3212 994 3287 totins
1014 3211 1093 3287 eius
1121 3211 1309 3309 temporis,

204 3359 265 3432 qno
279 3337 332 3412 ibi
350 3335 502 3426 mansit,
523 3336 812 3429 continebantur,
832 3338 925 3412 nihil
945 3337 1018 3411 iam
1036 3358 1190 3434 prorsus
1210 3337 1310 3413 dubii

204 3460 328 3559 inejus
346 3462 468 3537 animo
487 3461 775 3560 relinquebatur.
796 3463 881 3538 Hac
895 3465 1020 3561 itaque
1041 3457 1309 3539 Germanorum

201 3589 344 3684 pertidia
370 3587 538 3664 irritatus
566 3585 729 3682 Caesar,
756 3589 848 3664 nibil
875 3589 949 3666 sibi
977 3589 1081 3687 prius
1113 3589 1308 3687 potiusque

202 3713 313 3806 duxit,
341 3737 453 3813 quam
470 3722 511 3791 ut
537 3716 654 3814 primo
674 3736 820 3814 quoqne
837 3716 967 3791 violati
984 3714 1148 3792 foederis
1163 3716 1308 3812 culpam

201 3840 328 3940 inipsis
338 3841 552 3919 auctoribus
571 3841 786 3917 vindicaret.
806 3838 899 3917 Oum
909 3847 1031 3916 autem
1040 3841 1197 3938 ipsemet
1216 3837 1308 3914 Oce

199 3987 254 4040 sar
269 3967 420 4043 mirifico
430 3966 588 4065 quodam
608 3967 762 4065 gerendi
779 3967 888 4042 buius
906 3967 998 4042 belli
1007 3965 1129 4041 studio
1148 3964 1307 4054 arderet,

199 4092 254 4166 rin
268 4116 404 4192 passus
422 4093 511 4186 init,
531 4095 603 4170 sibi
621 4120 645 4171 a
663 4093 899 4195 Principibus
928 4094 1049 4170 Aulae
1077 4088 1306 4191 persuaderi,

198 4226 232 4292 nt
246 4241 323 4294 enm
340 4221 456 4296 multa
474 4219 618 4296 rideret
641 4220 690 4296 ad
707 4220 746 4296 id
754 4222 792 4296 in
811 4229 917 4298 tanta
934 4219 1111 4318 temporis
1131 4216 1304 4314 angustia

198 4343 404 4439 desiderari,
415 4370 461 4422 ea
471 4369 512 4422 se
522 4348 882 4446 curainpraesentia
895 4348 1085 4439 liberaret,
1106 4345 1307 4442 insequen-

196 4477 474 4571 temqneannnm
485 4497 530 4549 ea
548 4475 783 4572 expeditione
802 4477 927 4569 dilata,
937 4497 1033 4552 nunc
1051 4473 1138 4548 fidei
1152 4471 1305 4549 alterius

197 4619 269 4675 eaor
283 4601 510 4698 provinciam
529 4600 788 4690 demandarem
806 4603 860 4678 ita
870 4625 952 4678 eum
962 4600 1109 4678 tandem
1127 4601 1304 4675 incorum

197 4727 403 4804 senteutiam
424 4728 676 4822 concessisse,
696 4729 893 4829 delataque
912 4729 1072 4806 bellicae
1090 4728 1145 4806 rei
1164 4749 1306 4808 summa
