3625 5534
449 499 525 576 318
836 522 885 574 ro.
903 521 1004 574 naon
1023 523 1170 575 annovn

448 721 517 795 que
545 698 667 774 multis
704 697 928 793 argumentis
958 698 1174 788 hortantur,
1211 706 1252 773 ut
1290 699 1464 796 quoniam
1492 699 1564 798 ipsi

449 847 594 921 quoque
631 822 688 898 ins
717 822 963 898 successionis
1000 823 1048 898 ob
1086 824 1371 898 communionem
1401 824 1564 898 familiae

450 952 639 1040 haberent,
660 949 766 1024 daret
788 971 939 1046 operam
967 947 1157 1046 Princeps,
1178 972 1222 1023 ne
1251 946 1418 1024 exclusis
1446 950 1565 1046 legiti-
1589 997 1593 1006 ·

449 1078 518 1152 mis
536 1075 756 1152 haeredibus
785 1075 976 1174 imperium
1003 1083 1076 1149 tarn
1106 1075 1267 1171 opulenti
1294 1077 1400 1172 regni
1431 1099 1566 1152 acom-

450 1203 619 1278 munibus
656 1199 860 1274 maioribus
896 1201 994 1297 parti
1026 1198 1266 1275 abalienaret.
1312 1199 1352 1278 Si
1393 1209 1569 1277 statutum

450 1330 594 1428 penitus
610 1334 711 1403 esset
729 1325 891 1425 Principi
910 1327 1099 1424 resignata
1117 1325 1189 1402 hac
1207 1350 1274 1425 pro
1283 1327 1404 1404 vincia
1422 1351 1569 1404 sacram

452 1454 673 1530 functionem
686 1451 820 1544 subire,
839 1461 1007 1550 paratum
1026 1474 1068 1527 se
1087 1473 1171 1528 esse
1187 1451 1456 1528 cardinalatum
1476 1457 1510 1529 ei
1529 1475 1574 1528 se

453 1603 557 1656 suum
575 1599 655 1652 cnm
672 1582 751 1650 tota
767 1574 1018 1652 iurisdictione
1043 1599 1088 1650 ac
1107 1575 1305 1652 territoriis
1325 1577 1372 1652 ad
1391 1601 1473 1653 eum
1490 1601 1575 1678 per-

454 1704 654 1781 tinentibus
675 1700 816 1794 cedere,
827 1724 872 1777 ac
889 1701 1040 1801 insuper
1058 1702 1165 1793 bona,
1186 1725 1281 1798 quae
1300 1702 1422 1797 vellet,
1441 1705 1479 1780 in
1499 1707 1575 1779 lta-

456 1832 507 1907 lia
526 1838 628 1906 certa
647 1827 827 1926 pecuniae
847 1849 987 1903 summa
1007 1850 1230 1924 comparare.
1259 1829 1364 1926 Haec
1384 1837 1421 1904 et
1439 1831 1577 1906 similia

458 1980 537 2033 cum
546 1955 662 2052 legati
681 1952 905 2028 cardinalitii
915 1951 1077 2052 Principi
1087 1953 1354 2050 exposuissent,
1376 1956 1576 2053 assignato

459 2085 514 2160 eis
533 2080 702 2180 hospitio,
739 2078 831 2155 inssi
858 2087 943 2154 sunt
969 2079 1077 2154 finem
1097 2077 1334 2155 Comitiorum
1362 2091 1574 2181 expectare.

460 2208 535 2284 Sed
552 2230 632 2281 cum
650 2186 751 2280 multi
768 2204 841 2280 iam
853 2204 931 2279 dies
941 2204 1229 2304 praeteriissent,
1248 2205 1445 2304 variosque
1456 2232 1577 2284 rumo-

463 2359 524 2411 res
535 2335 580 2408 de
592 2331 788 2429 suspendio
798 2330 938 2428 passim
946 2331 1075 2430 spargi
1084 2331 1478 2428 legaticognovissent:
1492 2359 1580 2434 cap-

464 2472 544 2540 tata
571 2460 783 2551 occasione,
801 2481 982 2558 responso
1019 2482 1087 2534 nec
1115 2466 1320 2556 expectato,
1349 2459 1443 2536 elam
1471 2485 1513 2538 se
1540 2464 1577 2538 in

461 2589 653 2666 Poloniam
671 2593 899 2683 receperunt.
918 2586 976 2660 Ea
994 2608 1035 2660 re
1054 2586 1201 2681 cognita
1219 2585 1374 2661 indoluit
1385 2585 1578 2686 Princeps,

466 2741 511 2791 ac
529 2715 653 2789 missis
671 2709 756 2787 hinc
774 2711 860 2789 inde
878 2712 1031 2806 nunciis,
1061 2735 1126 2789 eos
1154 2719 1214 2787 sat
1233 2711 1428 2810 diligenter
1446 2725 1577 2812 postea

465 2840 643 2917 Caesarei
661 2839 901 2913 commissarii
920 2839 1140 2936 investigari
1159 2848 1340 2914 curarunt.
1385 2842 1464 2916 Iam
1484 2842 1579 2917 enim

464 2970 594 3045 literas
613 2965 661 3040 ad
678 2961 915 3039 Cardinalem
934 2964 1183 3063 expediverat,
1215 2989 1259 3040 ac
1286 2965 1324 3039 in
1347 2965 1393 3040 iis
1413 2975 1580 3043 amanter

466 3069 677 3173 admodum:
696 3089 924 3190 Accepimus,
943 3091 1069 3190 inquit,
1098 3093 1226 3168 literas
1245 3101 1337 3182 tuas,
1376 3117 1422 3167 ex
1443 3094 1578 3192 quibus

468 3244 601 3319 magno
620 3243 700 3294 cum
717 3219 851 3315 gaudio
870 3219 1106 3312 eognovimus
1125 3219 1281 3294 animum
1300 3227 1398 3294 tuum
1418 3220 1579 3295 sinistris

469 3350 730 3424 malevolorum
748 3345 972 3444 quorundam
992 3345 1237 3422 delationibus
1266 3353 1303 3421 et
1331 3347 1523 3422 calumniis
1542 3349 1579 3422 in

470 3500 538 3554 nos
554 3477 612 3552 ira
630 3495 853 3566 succensum,
881 3474 1029 3549 iamiam
1057 3499 1131 3551 non
1159 3474 1239 3549 sine
1259 3474 1380 3548 divino
1409 3473 1582 3550 instinctu

430 3687 433 3690 ⁴
470 3600 632 3700 mitigari
649 3599 828 3696 nobisque
845 3599 1086 3676 reconciliari.
1106 3600 1179 3674 Pro
1199 3622 1269 3697 qno
1288 3601 1370 3675 Deo
1389 3622 1458 3676 nos
1478 3623 1583 3699 prae-

470 3729 610 3832 potenti
628 3727 851 3802 immortales
869 3728 1013 3823 gratias
1044 3726 1198 3824 agimus,
1227 3749 1455 3824 operamque
1485 3724 1585 3801 dabi-

474 3881 565 3948 mus,
584 3863 624 3932 nt
643 3854 815 3953 deinceps
833 3852 1063 3950 praeclarum
1087 3877 1179 3950 erga
1203 3859 1242 3927 te
1269 3852 1428 3927 animum
1457 3859 1494 3926 et
1521 3874 1583 3950 ps-

473 3995 614 4063 ternnm
642 4003 802 4058 amorem
830 4003 909 4055 cum
937 4001 1075 4055 summo
1104 3978 1331 4077 obsequendi
1359 3977 1476 4053 studio
1502 3999 1582 4052 cou-

475 4113 634 4188 iunctum
672 4106 791 4203 magis
823 4113 933 4204 atque
962 4106 1080 4202 magis
1109 4104 1324 4205 experiaris.
1364 4101 1471 4195 Quod
1501 4123 1587 4176 vero

478 4235 663 4333 negotium
681 4232 772 4307 illnd
791 4232 929 4322 attinet,
959 4233 1059 4307 errius
1088 4253 1155 4306 nos
1184 4231 1328 4307 nomine
1352 4252 1419 4328 per
1438 4228 1588 4304 nuncios

478 4358 733 4459 interpellasti,
752 4354 996 4434 voluissemus
1015 4379 1115 4447 saue,
1135 4355 1167 4431 si
1186 4356 1223 4430 in
1242 4379 1286 4431 eo
1305 4355 1372 4432 tibi
1390 4351 1590 4452 gratificari

480 4499 517 4566 et
545 4487 657 4562 animi
682 4484 798 4559 nostri
826 4485 1107 4582 propensionem
1136 4490 1310 4558 testatam
1337 4480 1492 4557 reddere
1529 4501 1590 4578 po·

479 4615 686 4716 tuissemus.
716 4609 790 4686 Sed
808 4618 1004 4709 antequam
1033 4610 1186 4685 nuncius
1205 4619 1328 4684 vester
1357 4607 1406 4682 ad
1434 4627 1502 4681 nos
1531 4629 1591 4704 ap·

482 4740 649 4840 pulisset‚
668 4759 793 4811 omnes
813 4736 884 4810 iam
913 4743 1093 4812 tractatus
1122 4737 1217 4812 inter
1246 4758 1312 4809 nos
1341 4741 1379 4808 et
1405 4753 1591 4808 caesarem
