3625 5534
492 494 540 544 nn
559 493 638 543 nnn.
658 493 741 545 vra.
760 493 898 544 necans.
918 495 951 542 n.
973 495 1009 546 11.
1265 471 1315 547 23

217 693 315 766 snpra
332 670 621 767 quadringentos
648 692 729 744 oum
747 669 866 744 literis
886 669 1041 761 dimisit,
1061 669 1193 765 quibus
1223 693 1318 765 quae

216 795 302 870 bello
318 795 401 872 bnie
422 795 638 871 necessaria
658 794 892 887 videbantur,
921 796 1041 888 viros,
1070 819 1193 884 arma,
1222 818 1317 869 oom-

216 929 358 1015 meatus,
369 930 407 998 et
424 925 487 998 ubi
506 922 640 1022 quique
659 924 790 998 armati
799 930 952 1021 praesto
962 923 1034 998 sibi
1054 931 1188 1012 essent,
1208 945 1313 998 onno-

215 1047 256 1120 tis
281 1048 493 1147 imperabat
520 1051 581 1124 Ita
608 1049 707 1125 misit
735 1050 784 1124 ad
802 1048 1010 1149 Principem
1029 1031 1173 1148 quoqne
1197 1049 1317 1125 Tran·

215 1175 400 1272 sylvauiae,
411 1173 685 1272 sigismundum
695 1176 921 1270 Bathorium,
940 1175 1213 1252 Mahnmetbem
1232 1177 1315 1252 obs-

215 1323 290 1375 curo
321 1300 465 1400 quidem
496 1303 533 1376 in
563 1301 841 1402 'Pransylvania
868 1302 948 1379 looo
975 1311 1125 1395 natum,
1160 1303 1226 1378 sed
1254 1302 1316 1400 qui

215 1435 287 1503 ante
303 1431 508 1528 complures
527 1453 654 1521 annos,
675 1429 825 1506 deserta
843 1431 921 1506 vita
940 1429 1182 1522 scholastica,
1208 1452 1316 1526 qnam

214 1554 432 1652 aliquamdiu,
453 1557 616 1633 doeendo
635 1557 858 1632 iuventutem
876 1559 1069 1657 professus
1087 1558 1217 1634 suerat.
1237 1561 1317 1653 pat·
1369 1617 1376 1632 .

214 1680 279 1756 riae
295 1683 461 1779 religioni
487 1684 657 1760 nuncium
675 1684 914 1774 remittendo,
933 1683 981 1758 ad
999 1683 1113 1781 impia
1127 1682 1315 1758 Mahome-

213 1806 253 1880 tis
269 1829 372 1883 saera
389 1809 608 1900 desciverat,
628 1816 856 1909 tantumque,
878 1807 1202 1908 Constantinopoli
1221 1807 1315 1883 inter

213 1931 308 2009 aulae
325 1935 423 2012 illius
442 1937 624 2036 mancipia
643 1938 792 2034 degens,
811 1937 849 2011 in
868 1936 1112 2012 familiaribus
1132 1935 1211 2011 eius
1228 1957 1315 2031 geu·

213 2061 253 2134 tis
268 2062 414 2154 artibus,
433 2064 684 2156 simulatione,
705 2065 819 2155 dolis,
841 2064 1024 2154 versutia,
1055 2085 1202 2137 suorum
1221 2061 1316 2150 odio,

213 2191 244 2258 et
260 2187 458 2284 proditione
476 2191 696 2288 profecerat,
715 2196 755 2263 ut
775 2213 820 2264 ea
837 2189 977 2286 ingenii
997 2189 1159 2280 levitate,
1180 2194 1217 2263 et
1231 2210 1313 2285 per·
1447 2273 1450 2282 ¹

214 2309 289 2388 lidia
304 2317 520 2412 peregrinus
547 2317 657 2393 bomo
685 2325 794 2392 natos
813 2319 924 2414 longe
944 2319 1088 2393 aneas
1107 2321 1311 2415 superaret,

214 2433 362 2535 (etloum
382 2442 556 2540 bngnam,
579 2466 711 2536 mores,
731 2451 769 2518 et
786 2444 954 2519 instituta
973 2443 1178 2518 Truearum
1196 2441 1313 2540 probe

214 2563 346 2657 callere,
364 2591 418 2662 ao,
437 2569 534 2666 quod
545 2578 653 2669 eaput
662 2578 729 2661 est,
750 2567 1153 2662 mentiendalallendo,
1174 2573 1212 2643 et
1230 2589 1311 2642 oum

214 2693 412 2787 aequalibus
430 2695 660 2776 adrdatione
690 2702 728 2770 et
745 2694 910 2792 nequitia
929 2694 1124 2786 certando,
1148 2692 1314 2792 perbelle
1361 2749 1365 2758 .

213 2813 274 2889 iam
290 2817 447 2895 Tuream
474 2823 615 2897 referre
644 2822 851 2912 videretur,
881 2821 921 2895 in
948 2819 1192 2897 Chausiorum
1220 2821 1315 2896 ordi-

213 2965 283 3020 nem
299 2947 463 3025 adleotus
482 2950 561 3027 fuit.

651 3110 857 3120 .-ψ-ιι-

541 3327 716 3406 OAPVT
744 3327 971 3405 SEXTVM.

214 3518 262 3593 De
278 3529 431 3598 oratione
461 3525 669 3603 trallenses
699 3527 874 3622 Cbenaii,
903 3527 953 3600 od
968 3528 1167 3623 prinoipem
1201 3523 1313 3598 llan-

660 3653 860 3752 sylvanum.
897 3733 903 3744 ¹

304 3831 369 3926 Hi,
397 3839 594 3931 postquam
616 3832 754 3909 Albam
782 3834 932 3928 Iuliam,
962 3834 1114 3909 mutatis
1141 3833 1190 3908 ad
1217 3831 1311 3905 eele-

213 3953 340 4034 ritatem
358 3960 546 4052 iumentis,
564 3961 796 4054 advolasset,
824 3961 924 4035 illioo
943 3960 1144 4059 postulanti
1163 3965 1313 4034 senatus

214 4079 307 4158 datus
331 4087 419 4180 fuit,
446 4087 575 4186 inquo
606 4087 762 4163 redditis
788 4085 953 4184 Principi
980 4082 1159 4161 Caesaris
1186 4085 1314 4178 literis,

213 4207 342 4306 longam
362 4213 565 4290 orationem
584 4236 754 4306 exorsus,
774 4213 895 4314 eoepit
913 4235 1197 4289 commemorare
1229 4237 1315 4290 oau-

213 4340 423 4434 sueonibus
442 4337 585 4416 ansar
602 4342 782 4433 induetns,
802 4340 900 4436 Regi
919 4339 1122 4416 Viennensi
1133 4333 1200 4438 (ita
1219 4341 1315 4414 euim

213 4457 258 4533 illi
273 4461 515 4542 Romanorum
542 4469 807 4564 Imperatorem
838 4459 1043 4563 appellant)
1071 4465 1208 4540 bellum
1226 4465 1315 4540 indi-

214 4585 334 4684 xisset,
362 4616 493 4691 nempe
521 4591 790 4671 Germanorum
817 4592 1003 4667 nationem
1030 4591 1249 4689 inquietam,
1279 4599 1316 4666 et

212 4715 307 4792 alieni
332 4728 567 4819 appetentem
592 4745 738 4820 semper
765 4721 892 4796 fuisse.
923 4718 1141 4818 Hungariae
1169 4717 1314 4817 quidem
