3625 5534
530 479 577 526 nn
598 479 678 528 nnn.
699 480 782 530 vno.
804 481 890 532 uno.
914 483 948 532 x.
968 483 1001 532 n.
1022 484 1071 533 rx.
1300 462 1379 538 215

400 715 403 724 ‘
543 719 718 798 CAPVT
748 724 1081 802 VNDECIMVM.

245 884 303 956 De
328 883 545 982 Tenqovisw,
569 885 835 984 Bolorcstoque
856 915 879 960 o
898 886 1041 964 Sinone
1061 893 1198 991 eprcpio
1215 895 1371 968 multitia.

355 1042 517 1119 Sinanus
537 1043 658 1140 igitur,
678 1068 814 1142 magno
835 1047 888 1142 rei
908 1047 1079 1122 militaris
1099 1073 1226 1126 errore
1241 1051 1374 1150 decep·

242 1179 303 1246 tus
335 1170 604 1268 occasioneque
634 1172 944 1248 retrocedentium
977 1182 1189 1250 nostrorum
1217 1177 1374 1276 turpiter
1409 1203 1414 1210 ·

242 1301 394 1387 abusus,
413 1296 661 1373 Bokorostum
681 1321 760 1374 cum
780 1281 966 1374 universis
986 1301 1106 1400 copiis
1123 1302 1372 1399 progreditur,

238 1424 472 1520 metropolim
503 1424 788 1522 Transalpinae,
817 1424 879 1500 ubi
909 1426 1019 1501 sedes
1049 1426 1260 1525 Principum
1290 1428 1370 1505 eius

239 1550 406 1647 regionis
419 1549 553 1642 iuerat,
592 1559 630 1624 et
658 1550 790 1647 viginti
819 1551 965 1628 circiter
994 1552 1135 1628 dierum
1163 1553 1287 1650 spatio
1317 1552 1371 1627 ita

239 1675 331 1750 illud
351 1675 564 1771 aggeribus,
585 1678 684 1751 vallo
696 1676 872 1774 fossaque
884 1677 1012 1768 munit,
1024 1686 1144 1753 ettam
1155 1687 1370 1769 commeatu,

240 1823 349 1899 quam
360 1800 552 1875 tormentis
572 1800 727 1894 bellicis,
748 1803 919 1899 omnique
936 1826 1058 1878 rerum
1072 1802 1370 1878 necessariarum

237 1927 345 2025 copia
360 1927 517 2018 instruit,
536 1935 577 2001 ut
585 1928 819 2024 quantumvis
829 1929 1090 2025 longissimam
1104 1927 1369 2004 arctissimam·

238 2076 308 2149 que
328 2053 555 2129 obsidionem
582 2054 696 2129 facilc
723 2057 932 2130 toleratura
960 2054 1169 2150 videretur3
1200 2076 1270 2127 nec
1300 2052 1371 2127 hoc

238 2187 442 2271 contentus,
464 2179 727 2275 Tergovistum
747 2180 995 2278 progreditur,
1014 2179 1205 2254 civitatem
1227 2178 1370 2277 pariter

236 2306 512 2404 Transalpinae
532 2306 749 2399 Valaohiae,
775 2315 812 2380 et
831 2305 1084 2402 magnitudine
1105 2312 1143 2379 et
1161 2304 1287 2378 multis
1307 2302 1367 2377 de-

237 2431 355 2506 lubris
374 2431 425 2506 ibi
445 2433 644 2507 exstructis
663 2434 860 2526 celebrem,
879 2456 989 2529 quam
1007 2432 1118 2516 ctiam
1130 2428 1245 2504 XXV
1265 2429 1367 2503 circi-

235 2563 292 2632 ter
311 2557 451 2632 dierum
473 2559 594 2656 spatio
614 2559 743 2634 eadem
764 2567 854 2650 arte,
885 2583 930 2633 ac
958 2557 1123 2633 mirabili
1143 2556 1294 2631 militum
1313 2553 1367 2628 in·

235 2683 378 2759 dustria
397 2683 519 2776 munit,
540 2691 577 2758 et
597 2685 770 2760 corbibus
789 2692 891 2760 terra
906 2691 1037 2781 egesta
1066 2681 1274 2781 completis,
1292 2680 1366 2753 for:

235 2809 381 2884 tissima
398 2813 684 2908 propugnacula
705 2811 873 2903 exstruit,
903 2833 1021 2908 eaque
1040 2810 1143 2884 calce
1163 2808 1366 2884 incrustata

233 2942 308 3011 tam
328 2936 423 3010 mira
452 2936 672 3012 dexteritate
700 2938 739 3012 iu
760 2939 920 3028 ,formam
939 2937 1155 3012 Italicarum
1184 2934 1364 3007 incrusta-

232 3064 372 3139 tionum
391 3063 552 3156 decorat,
572 3065 757 3164 utnemini
776 3063 905 3161 procul
926 3061 1139 3161 aspicienti,
1158 3054 1365 3133 nisisolide

229 3189 381 3288 lapidea
398 3191 677 3288 apparuissent.
698 3190 770 3265 His
781 3189 957 3288 operibus
970 3187 1167 3286 impeditus
1178 3179 1364 3258 fuitSina-

231 3337 310 3407 nus,
338 3315 542 3412 quominus,
563 3324 602 3391 ut
628 3315 801 3391 militaris
821 3317 916 3391 ratio
944 3316 1137 3414 postulare
1156 3310 1363 3402 videbatur,

232 3442 292 3515 vel
319 3439 358 3513 in
386 3441 703 3540 Transylvaniam
733 3442 938 3540 irrumpere
967 3447 1180 3531 conaretur,
1216 3436 1277 3510 vel
1295 3457 1361 3511 eos

232 3565 352 3662 quiin
380 3565 549 3641 faucibus
579 3566 730 3666 Alpium
756 3567 973 3658 haerebant,
1003 3564 1162 3663 aggredi
1188 3567 1361 3653 tentaret,

230 3713 367 3786 magno
385 3699 593 3767 nostrorum
614 3693 870 3785 emolumento,
902 3695 964 3791 qui
984 3700 1085 3769 certe
1112 3689 1173 3764 vel
1191 3686 1362 3784 propelli,

231 3816 292 3891 vel
311 3816 422 3892 etiam
443 3816 570 3896 deleri.
592 3827 788 3915 antequam
808 3819 985 3895 subsidiis
995 3818 1228 3901 iuvarentur,
1247 3833 1361 3907 posse

231 3943 464 4018 videbantur.
504 3940 578 4018 Sed
606 3965 769 4019 vesanus
797 3967 928 4031 senex,
967 3943 1050 4016 Deo
1079 3935 1275 4037 pristinum
1303 3934 1359 4010 illi

227 4067 420 4145 consilium
441 4068 633 4160 adimente,
650 4092 791 4145 omnem
811 4068 1006 4147 victoriam
1026 4062 1177 4140 Turoici
1199 4054 1357 4135 nominis

225 4197 262 4270 iu
291 4195 351 4270 his
379 4195 510 4293 opibus
531 4197 693 4294 positam
722 4203 837 4290 ratus,
859 4195 951 4270 nihil
972 4191 1157 4290 antiquius
1178 4184 1358 4274 habebat,

229 4347 339 4420 quam
366 4329 407 4396 ut
425 4322 519 4398 haec
546 4324 630 4399 loca
656 4324 814 4399 muniret
841 4331 878 4398 et
904 4322 1120 4400 offirmaret.
1160 4315 1358 4407 Nunquam

227 4449 323 4524 enim
342 4449 512 4524 invenem
531 4445 739 4548 Principem
766 4455 871 4523 tanta
899 4446 1056 4522 audacia
1084 4447 1165 4521 fore
1191 4435 1356 4540 putabat,

223 4583 262 4649 ut
281 4597 370 4649 suas
401 4575 528 4672 copias
556 4585 659 4651 tanta
686 4573 916 4650 multitudine
935 4572 1135 4664 terribiles,
1164 4576 1355 4673 tonosque

225 4699 458 4800 superiorum
477 4700 645 4780 victoriis
682 4701 849 4776 celebres
887 4698 1045 4794 aggredi
1083 4699 1265 4788 auderet3
1301 4700 1355 4773 ita
