3625 5534
516 517 564 566 nn
583 515 663 566 aaa.
685 514 769 564 vua.
792 513 874 564 osc.
896 513 931 564 r.
949 514 982 562 n.
1002 514 1052 566 rx.
1268 485 1349 566 203

223 697 280 767 set
298 690 430 790 oopiia,
451 690 758 790 Transalpinensi
768 711 810 765 se
820 690 1069 786 coniungeret,
1089 690 1338 768 eteoniunetis

224 840 305 895 oum
324 841 372 894 eo
383 818 546 896 oonsiliis
563 819 710 895 fortiter
728 841 806 894 rem
825 817 1338 896 eontraBarbarosadminis-

224 951 357 1021 traret
395 947 435 1021 ls
458 951 610 1044 aeoepto
640 944 823 1044 Principis
851 944 1025 1020 mandato
1055 944 1249 1021 confestim
1278 945 1350 1021 iter

226 1071 460 1168 aggreditur,
479 1095 633 1170 eumque
651 1079 754 1147 reeta
773 1070 820 1147 ob
840 1076 975 1146 metum
1004 1069 1248 1179 Tartarorum
1266 1093 1352 1169 pro·

226 1196 345 1272 fioisoi
372 1220 446 1272 non
473 1204 622 1296 posset,
652 1218 785 1273 versus
814 1197 907 1288 lines
936 1193 1235 1292 'l'ransylvaniae
1265 1218 1350 1271 oon·

228 1321 360 1398 tendit.
388 1322 433 1397 Id
453 1323 536 1398 dum
555 1323 702 1414 laetum,
723 1344 808 1396 eeoe
828 1319 1010 1416 quaedam
1024 1318 1249 1396 Polonorum
1277 1345 1351 1396 ma·

228 1469 296 1522 uus
327 1447 364 1522 ei
392 1448 562 1540 ooourrit,
592 1469 720 1544 qua..
802 1501 809 1518 .
832 1501 867 1518 ..
896 1445 1007 1543 pulsa
1026 1442 1211 1520 Coronam
1229 1447 1355 1544 appel-

231 1572 284 1664 lit,
305 1571 502 1670 solutoque
522 1574 576 1649 ibi
594 1574 770 1648 militibus
781 1570 964 1670 stipendio
983 1571 1021 1644 in
1032 1579 1158 1646 eastra
1166 1569 1353 1668 Principis

228 1698 275 1773 ad
293 1719 420 1773 aroern
439 1699 662 1776 Baroensem
681 1707 767 1775 tuno
786 1699 911 1800 posita
930 1719 972 1772 se
991 1697 1154 1772 ooutnlit

701 1969 902 1982 1—1-—2-

557 2219 732 2297 CAPVT
762 2219 1020 2312 QUINTVM.

264 2401 322 2472 De
343 2415 521 2495 occupata
542 2429 565 2474 u
586 2402 737 2476 Pedonis
756 2401 956 2490 Moldavta,
976 2403 1155 2476 astiteris
1178 2401 1308 2477 Odoma'

462 2526 702 2600 Tartarorum
724 2534 774 2600 ad
793 2527 924 2627 Rapum
945 2528 1130 2603 Poloniae.

335 2702 475 2779 Audita
500 2703 664 2781 Palatini
693 2707 924 2804 profectione
948 2711 1108 2783 Ioannes
1127 2706 1355 2782 Zamoiseius

228 2827 407 2904 Poloniae
425 2826 694 2926 Cancellarius,
715 2857 758 2908 ao
778 2855 940 2910 summus
959 2833 1148 2931 copiarum
1168 2833 1251 2923 dux,
1276 2855 1352 2906 ma-

227 2977 300 3051 gno
320 2954 474 3030 militum
492 2981 650 3032 numero
669 2960 707 3033 in
726 2959 884 3035 Podolia
901 2967 1041 3052 ooaoto,
1061 2983 1171 3056 quum
1192 2957 1355 3054 Prineipi

229 3077 466 3175 sigismundo
486 3083 670 3180 privatam
699 3086 747 3159 ob
776 3106 927 3161 oausam
945 3085 1209 3180 indignaretur,
1236 3082 1354 3157 insoio

229 3203 322 3300 ipso,
341 3205 394 3279 uti
413 3213 545 3304 postea
564 3206 771 3283 diotitatum
790 3217 857 3300 est,
878 3209 984 3304 Rege
1003 3210 1040 3282 in
1059 3209 1285 3284 Moldaviam
1304 3204 1353 3278 ir·

231 3331 376 3428 rumpit,
396 3338 652 3430 occupataque
670 3357 738 3431 per
749 3333 955 3408 absentiam
965 3330 1144 3431 Stephani
1160 3331 1356 3429 VaJvodae

229 3454 442 3550 provincia,
490 3457 683 3532 Ieremiam
723 3459 757 3533 ei
802 3459 909 3533 titulo
946 3457 1110 3533 Palatini
1155 3456 1355 3546 substituit,

230 3600 387 3677 eumque
414 3581 452 3654 in
480 3581 699 3678 obsequium
733 3581 912 3658 Poloniae
937 3584 1062 3658 iurare
1091 3583 1199 3679 eogit.
1227 3583 1287 3656 Ea
1314 3604 1355 3655 re

229 3705 380 3798 aognita
400 3702 563 3796 Tartari,
593 3707 656 3802 qui
685 3708 732 3781 ab
760 3708 991 3805 Imperatore
1021 3709 1228 3784 'Parcarum
1257 3727 1356 3780 man·

231 3829 355 3904 datum
376 3830 422 3906 de
441 3829 614 3908 Palatino
633 3831 857 3907 instituendo
886 3839 1119 3929 acceperunt,
1147 3833 1185 3905 in
1213 3830 1354 3904 lllolda·

232 3953 329 4028 viam
350 3956 434 4052 pari
452 3957 532 4031 iure
546 3957 761 4055 irrumpunt,
782 3967 818 4033 et
831 3981 910 4033 eum
920 3958 1072 4034 Polonis
1091 3956 1233 4052 aliquot
1250 3977 1356 4053 prae-

231 4079 331 4153 liolis
351 4082 559 4176 congressi,
579 4082 727 4157 tandem
746 4082 915 4158 instituto
935 4083 1121 4179 colloquio
1139 4080 1355 4177 promittunt

232 4203 442 4280 Zamoiseio
467 4227 509 4280 se
536 4207 635 4282 intra
662 4207 820 4282 triduum
841 4231 886 4283 ex
905 4206 1096 4285 Moldavia
1114 4205 1358 4296 discessuros,

230 4327 338 4402 modo
357 4329 606 4426 provinoiales
626 4331 842 4428 obsequium
852 4331 988 4406 Tureis
1007 4337 1251 4429 praestarent.
1272 4327 1357 4420 Qua

231 4450 277 4526 de
322 4473 364 4525 re
402 4453 602 4530 Kazikirei
642 4454 804 4531 Chamus
843 4437 1088 4533 Tartarorum
1125 4455 1174 4531 ad
1210 4456 1354 4551 Regem

232 4572 411 4652 Poloniae
449 4587 535 4675 post
570 4579 744 4656 humilem
782 4581 916 4656 frontis
941 4581 1214 4657 inclinationem
1251 4603 1352 4656 more

230 4700 354 4794 gentis
383 4701 554 4798 delatam,
590 4705 814 4800 signifioana,
850 4709 986 4805 inquit,
1017 4705 1197 4805 imprimis
1226 4703 1349 4780 Aaro-
