3625 5534
506 500 1040 555 nauau.vro.ncc.x.u.1x.
1271 485 1348 560 225
1392 533 1399 545 ι

220 676 441 773 interceptis
460 673 633 773 oppidum
652 675 678 750 J
682 698 774 751 cneo
804 677 998 752 obsidione
1019 679 1223 776 cingerent.
1262 681 1352 756 Pro-

220 799 578 897 indeLugasienscs
589 801 754 897 primum,
774 824 859 876 mox
870 804 1040 898 sequenti
1060 804 1129 896 die,
1147 806 1354 882 Varadieu-

219 950 287 1001 ses
317 925 457 1002 decimo
489 926 645 1024 septimo
675 927 733 1000 dic
753 929 975 1024 septembris
1005 953 1127 1004 arcem
1156 930 1349 1008 obsedere.

221 1052 299 1126 Est
315 1052 343 1128 J
345 1054 435 1126 eneti
455 1053 551 1126 intur
570 1051 728 1151 Lippam
758 1060 794 1126 et
812 1037 1043 1129 Varadinum
1058 1057 1109 1129 iu
1135 1055 1207 1131 fine
1228 1059 1351 1134 Matra

220 1177 371 1268 montis,
391 1178 493 1252 onius
512 1175 550 1248 in
568 1177 750 1276 principio
763 1178 885 1277 Lippa
905 1180 980 1254 sita
998 1189 1066 1256 est.
1086 1181 1230 1258 Habuit
1248 1182 1351 1259 locus

219 1302 314 1379 illac
351 1311 501 1402 praeter
529 1304 740 1379 interiorem
767 1327 890 1379 arcem
919 1306 1092 1404 oppidum
1111 1309 1352 1408 peramplum,

216 1429 428 1531 parietibus
465 1428 641 1521 cratitiis,
670 1437 707 1503 et
735 1429 840 1505 fossa
871 1430 970 1505 haud
998 1433 1204 1529 vulgariter
1232 1436 1348 1509 muni·

217 1567 310 1632 tum.
331 1557 437 1630 Intra
455 1553 627 1652 oppidum
646 1561 704 1629 est
724 1580 803 1650 arx,
834 1557 970 1652 partim
989 1558 1152 1634 alluente
1172 1557 1348 1658 Chrysio,

219 1681 361 1782 partim
382 1681 480 1754 vallo
500 1680 676 1777 fossaque
697 1679 843 1778 duplici,
869 1683 1075 1778 aggeribus
1104 1686 1349 1761 crassissimis

219 1808 377 1906 egregie
397 1807 543 1898 munita,
565 1807 667 1882 cuius
688 1810 927 1905 oppugnatio,
949 1810 1002 1884 uti
1020 1812 1223 1904 retulimus,
1244 1837 1350 1910 mag·

217 1959 307 2010 nam
342 1932 524 2031 superiori
557 1955 701 2030 quoquc
730 1958 825 2010 anno
846 1908 1094 2011 tumultuariis
1114 1938 1346 2033 aggrestium

219 2069 363 2136 temere
391 2067 601 2134 coactorum
630 2059 747 2157 copiis
777 2059 921 2135 cladem
949 2063 1136 2136 attulerat.
1165 2061 1347 2139 Praeerat

220 2184 522 2262 Varadleusibus
542 2185 660 2283 copiis
681 2183 869 2282 Georgius
888 2188 1053 2288 Kirtlyi
1083 2188 1230 2265 Alberti
1250 2196 1349 2266 vete·

218 2313 305 2388 rani
325 2311 516 2387 bellatoris
535 2312 662 2404 frater,
683 2311 1050 2411 supremiOapitauei
1069 2316 1188 2391 locum
1205 2324 1347 2407 tenens,

218 2439 283 2538 qui
301 2446 453 2538 praeter
472 2459 643 2532 magnum
662 2437 789 2512 nitrati
808 2439 984 2536 pulveris,
1009 2439 1260 2538 minorumque
1280 2442 1347 2516 fal-

218 2587 355 2642 conum
382 2561 536 2661 copiam,
568 2563 637 2637 dno
665 2563 807 2642 maiora
839 2587 962 2640 secum
992 2573 1184 2657 tormenta,
1215 2567 1349 2662 quibus

218 2692 315 2766 muri
335 2697 584 2786 quaterentur,
613 2712 737 2764 secum
757 2689 975 2765 adduxerat.
1013 2693 1053 2766 Is
1072 2699 1112 2766 ut
1131 2701 1347 2791 conceptum

218 2823 265 2896 de
284 2839 329 2892 se
349 2814 591 2891 sinistriorcm
620 2813 803 2890 hominum
833 2817 1041 2914 opinionem
1067 2818 1263 2915 praeclaro
1283 2818 1348 2893 ali-

219 2969 293 3048 quo
313 2943 480 3018 facinore
500 2942 597 3016 edito
618 2943 784 3032 dilueret,
805 2952 842 3017 et
861 2944 981 3017 labem
1002 2944 1123 3018 lamae
1134 2965 1224 3018 suae
1234 2945 1347 3019 tacito

219 3074 381 3173 quodam
418 3070 491 3144 iam
520 3069 661 3167 pridem
688 3070 873 3144 hominum
912 3070 1137 3169 praeiudicio
1175 3093 1347 3168 asperam

220 3203 477 3294 abstergeret:
495 3197 646 3270 structis
657 3193 843 3293 extemplo
855 3195 984 3284 mucis,
998 3206 1034 3270 et
1044 3196 1257 3292 aggeribus,
1269 3204 1342 3270 tor-

220 3322 428 3419 mentisque
448 3320 594 3396 bellicis
619 3322 855 3397 circumcirca
874 3322 909 3395 lu
936 3320 990 3395 eis
1009 3320 1212 3419 dispositis,
1242 3329 1345 3398 tanto

220 3451 347 3526 studio
367 3446 681 3546 oppugnationem
701 3446 826 3545 oppidi
842 3447 995 3521 adortus
1011 3454 1088 3521 est:
1107 3454 1148 3522 ut
1167 3471 1248 3522 cum
1257 3449 1348 3523 Bar-

219 3577 314 3668 bari,
336 3573 499 3672 impa'res
519 3595 561 3647 se
580 3574 660 3648 lore
675 3573 999 3664 nostrisvidcrent,
1021 3580 1153 3670 sponte
1173 3574 1347 3650 eoinoen-

219 3725 261 3778 so
282 3703 321 3776 in
342 3723 466 3774 arcem
485 3723 527 3773 se
547 3699 766 3798 receperint.
807 3700 900 3773 Eam
931 3723 1011 3775 cum
1040 3701 1159 3774 nostri
1177 3700 1348 3798 irruptio-

219 3832 331 3905 nibus
352 3828 435 3926 capi
455 3849 566 3922 posse
586 3828 847 3926 desperarent,
873 3827 1021 3902 effossis
1042 3829 1232 3901 subterra
1251 3829 1349 3901 cuni·

219 3957 324 4044 culis,
354 3953 537 4049 factisque
565 3953 705 4049 passim
725 3951 845 4027 alveis
865 3949 1064 4050 Chrysium
1084 3959 1254 4026 avertere
1274 3960 1348 4027 sta-

219 4087 381 4158 tuerunt.
413 4079 464 4152 Et
483 4101 564 4152 cum
582 4077 833 4177 processisset
861 4100 923 4152 res
956 4100 1028 4151 nou
1057 4085 1195 4150 tcmere
1216 4083 1349 4174 coepta

219 4205 392 4296 feliciter,
431 4205 628 4281 inundatus
657 4189 808 4303 practer
854 4204 1012 4278 omnium
1059 4202 1268 4299 opinionem
1297 4224 1345 4275 er

220 4331 386 4407 assiduis
404 4331 541 4428 pluviis
554 4328 748 4427 Chrysius,
769 4351 895 4404 omnes
915 4330 1001 4403 illos
1020 4340 1228 4402 nostrorum
1241 4351 1347 4402 oona-

219 4465 280 4532 tus
309 4456 437 4530 irritos
484 4455 581 4529 fecit.
630 4454 860 4528 Exultaverc
877 4461 939 4527 ’eo
972 4475 1148 4528 successu
1177 4452 1347 4537 Barbari,

224 4583 358 4678 positis
378 4581 415 4655 in
435 4603 559 4657 muros
570 4580 762 4678 probrosis
773 4578 947 4675 ignaviae
963 4578 1162 4675 symbolis:
1185 4581 1261 4666 (et)
1273 4577 1348 4653 Va-

221 4709 416 4783 radienses
437 4706 581 4782 domum
600 4706 724 4780 redire
744 4707 790 4780 ad
810 4728 957 4796 uxores,
973 4703 1174 4800 liberisque
1196 4726 1348 4800 operam

267 4865 381 4904 norun
394 4863 484 4904 numo,
497 4861 885 4904 urar.-sonrn¹r·onusxv11,
909 4827 914 4837 ⁹
1202 4843 1243 4907 15
