<?xml version="1.0" encoding="UTF-8"?>
<!DOCTYPE html PUBLIC "-//W3C//DTD XHTML 1.0 Transitional//EN"
    "http://www.w3.org/TR/xhtml1/DTD/xhtml1-transitional.dtd">
<html xmlns="http://www.w3.org/1999/xhtml" xml:lang="en" lang="en">
 <head>
  <title>
</title>
<meta http-equiv="Content-Type" content="text/html;charset=utf-8" />
  <meta name='ocr-system' content='tesseract 3.04.00' />
  <meta name='ocr-capabilities' content='ocr_page ocr_carea ocr_par ocr_line ocrx_word'/>
</head>
<body>
  <div class='ocr_page' id='page_1' title='image "./magyarhistorija00decsgoog_0378.png"; bbox 0 0 3625 5534; ppageno 0'>
   <div class='ocr_carea' id='block_1_1' title="bbox 519 461 1267 541">
    <p class='ocr_par' dir='ltr' id='par_1_1' title="bbox 519 461 1267 541">
     <span class='ocr_line' id='line_1_1' title="bbox 519 461 1267 541; baseline -0.009 0"><span class='ocrx_word' id='word_1_1' title='bbox 519 461 596 541; x_wconf 82' lang='lat'>288</span> <span class='ocrx_word' id='word_1_2' title='bbox 925 481 974 532; x_wconf 90' lang='lat'>10.</span> <span class='ocrx_word' id='word_1_3' title='bbox 993 481 1094 532; x_wconf 82' lang='lat' dir='ltr'>uren</span> <span class='ocrx_word' id='word_1_4' title='bbox 1118 481 1267 534; x_wconf 78' lang='lat' dir='ltr'>sauovu</span> 
     </span>
    </p>
   </div>
   <div class='ocr_carea' id='block_1_2' title="bbox 466 657 1722 4812">
    <p class='ocr_par' dir='ltr' id='par_1_2' title="bbox 466 657 1722 4812">
     <span class='ocr_line' id='line_1_2' title="bbox 519 657 1629 758; baseline -0.004 -20"><span class='ocrx_word' id='word_1_5' title='bbox 519 659 740 748; x_wconf 78' lang='lat' dir='ltr'>excesserit,</span> <span class='ocrx_word' id='word_1_6' title='bbox 777 657 868 732; x_wconf 86' lang='lat' dir='ltr'>nihil</span> <span class='ocrx_word' id='word_1_7' title='bbox 894 657 1133 756; x_wconf 78' lang='lat' dir='ltr'>imposterum</span> <span class='ocrx_word' id='word_1_8' title='bbox 1161 658 1324 758; x_wconf 89' lang='lat' dir='ltr'>impedit,</span> <span class='ocrx_word' id='word_1_9' title='bbox 1362 659 1564 756; x_wconf 88' lang='lat' dir='ltr'>quominus,</span> <span class='ocrx_word' id='word_1_10' title='bbox 1596 671 1629 734; x_wconf 89' lang='lat' dir='ltr'>ut</span> 
     </span>
     <span class='ocr_line' id='line_1_3' title="bbox 520 785 1629 885; baseline -0.005 -19"><span class='ocrx_word' id='word_1_11' title='bbox 520 787 696 874; x_wconf 85' lang='lat' dir='ltr'>antehac,</span> <span class='ocrx_word' id='word_1_12' title='bbox 745 785 799 860; x_wconf 90' lang='lat' dir='ltr'>sic</span> <span class='ocrx_word' id='word_1_13' title='bbox 846 807 958 882; x_wconf 91' lang='lat' dir='ltr'>porro</span> <span class='ocrx_word' id='word_1_14' title='bbox 996 807 1140 883; x_wconf 92' lang='lat' dir='ltr'>quoque</span> <span class='ocrx_word' id='word_1_15' title='bbox 1174 787 1391 884; x_wconf 86' lang='lat' dir='ltr'>obsequium</span> <span class='ocrx_word' id='word_1_16' title='bbox 1426 785 1629 885; x_wconf 75' lang='lat' dir='ltr'>splendidae</span> 
     </span>
     <span class='ocr_line' id='line_1_4' title="bbox 521 911 1628 1014; baseline -0.004 -22"><span class='ocrx_word' id='word_1_17' title='bbox 521 912 759 1014; x_wconf 86' lang='lat' dir='ltr'>Imperatoris</span> <span class='ocrx_word' id='word_1_18' title='bbox 777 911 894 987; x_wconf 87' lang='lat' dir='ltr'>nostri</span> <span class='ocrx_word' id='word_1_19' title='bbox 913 919 1044 1009; x_wconf 90' lang='lat' dir='ltr'>portae</span> <span class='ocrx_word' id='word_1_20' title='bbox 1064 911 1253 1006; x_wconf 86' lang='lat' dir='ltr'>deferetis,</span> <span class='ocrx_word' id='word_1_21' title='bbox 1274 913 1496 1011; x_wconf 88' lang='lat' dir='ltr'>eosdemque</span> <span class='ocrx_word' id='word_1_22' title='bbox 1514 912 1628 988; x_wconf 85' lang='lat' dir='ltr'>hostes</span> 
     </span>
     <span class='ocr_line' id='line_1_5' title="bbox 521 1037 1627 1138; baseline -0.002 -22"><span class='ocrx_word' id='word_1_23' title='bbox 521 1048 557 1117; x_wconf 88' lang='lat' dir='ltr'>et</span> <span class='ocrx_word' id='word_1_24' title='bbox 576 1041 714 1116; x_wconf 89' lang='lat' dir='ltr'>amicos</span> <span class='ocrx_word' id='word_1_25' title='bbox 732 1038 921 1113; x_wconf 89' lang='lat' dir='ltr'>nobiscum</span> <span class='ocrx_word' id='word_1_26' title='bbox 932 1037 1114 1112; x_wconf 89' lang='lat' dir='ltr'>habeatis.</span> <span class='ocrx_word' id='word_1_27' title='bbox 1134 1039 1347 1114; x_wconf 87' lang='lat' dir='ltr'>Memineris</span> <span class='ocrx_word' id='word_1_28' title='bbox 1362 1047 1506 1138; x_wconf 86' lang='lat' dir='ltr'>patrem</span> <span class='ocrx_word' id='word_1_29' title='bbox 1524 1062 1627 1114; x_wconf 88' lang='lat' dir='ltr'>meum</span> 
     </span>
     <span class='ocr_line' id='line_1_6' title="bbox 520 1163 1628 1276; baseline -0.005 -32"><span class='ocrx_word' id='word_1_30' title='bbox 520 1167 739 1244; x_wconf 84' lang='lat' dir='ltr'>Memlretem</span> <span class='ocrx_word' id='word_1_31' title='bbox 759 1163 927 1253; x_wconf 79' lang='lat' dir='ltr'>Bassam,</span> <span class='ocrx_word' id='word_1_32' title='bbox 956 1172 1061 1256; x_wconf 84' lang='lat' dir='ltr'>patre</span> <span class='ocrx_word' id='word_1_33' title='bbox 1084 1171 1146 1238; x_wconf 89' lang='lat' dir='ltr'>tuo</span> <span class='ocrx_word' id='word_1_34' title='bbox 1166 1166 1419 1276; x_wconf 81' lang='lat' dir='ltr'>gubernacula</span> <span class='ocrx_word' id='word_1_35' title='bbox 1438 1167 1542 1262; x_wconf 78' lang='lat' dir='ltr'>regni</span> <span class='ocrx_word' id='word_1_36' title='bbox 1576 1167 1628 1238; x_wconf 90' lang='lat' dir='ltr'>ob·</span> 
     </span>
     <span class='ocr_line' id='line_1_7' title="bbox 518 1289 1627 1391; baseline -0.005 -21"><span class='ocrx_word' id='word_1_37' title='bbox 518 1295 669 1383; x_wconf 88' lang='lat' dir='ltr'>tinente,</span> <span class='ocrx_word' id='word_1_38' title='bbox 695 1314 812 1389; x_wconf 91' lang='lat' dir='ltr'>usqne</span> <span class='ocrx_word' id='word_1_39' title='bbox 843 1290 938 1365; x_wconf 90' lang='lat' dir='ltr'>adeo</span> <span class='ocrx_word' id='word_1_40' title='bbox 966 1289 1146 1365; x_wconf 92' lang='lat' dir='ltr'>benevole</span> <span class='ocrx_word' id='word_1_41' title='bbox 1173 1293 1210 1365; x_wconf 94' lang='lat' dir='ltr'>in</span> <span class='ocrx_word' id='word_1_42' title='bbox 1231 1293 1544 1391; x_wconf 80' lang='lat' dir='ltr'>Transylvaniam</span> <span class='ocrx_word' id='word_1_43' title='bbox 1561 1292 1627 1367; x_wconf 87' lang='lat' dir='ltr'>ani·</span> 
     </span>
     <span class='ocr_line' id='line_1_8' title="bbox 519 1416 1627 1512; baseline 0.002 -23"><span class='ocrx_word' id='word_1_44' title='bbox 519 1433 654 1496; x_wconf 85' lang='lat' dir='ltr'>matum</span> <span class='ocrx_word' id='word_1_45' title='bbox 681 1420 808 1505; x_wconf 87' lang='lat' dir='ltr'>fuisse,</span> <span class='ocrx_word' id='word_1_46' title='bbox 838 1443 883 1493; x_wconf 85' lang='lat' dir='ltr'>ac</span> <span class='ocrx_word' id='word_1_47' title='bbox 901 1426 1007 1492; x_wconf 87' lang='lat' dir='ltr'>tanta</span> <span class='ocrx_word' id='word_1_48' title='bbox 1025 1416 1220 1512; x_wconf 82' lang='lat' dir='ltr'>diligentia</span> <span class='ocrx_word' id='word_1_49' title='bbox 1248 1443 1330 1494; x_wconf 89' lang='lat' dir='ltr'>cam</span> <span class='ocrx_word' id='word_1_50' title='bbox 1351 1420 1570 1508; x_wconf 84' lang='lat' dir='ltr'>defendisse,</span> <span class='ocrx_word' id='word_1_51' title='bbox 1595 1424 1627 1492; x_wconf 84' lang='lat' dir='ltr'>ul</span> 
     </span>
     <span class='ocr_line' id='line_1_9' title="bbox 519 1542 1629 1639; baseline -0.003 -18"><span class='ocrx_word' id='word_1_52' title='bbox 519 1549 603 1622; x_wconf 90' lang='lat' dir='ltr'>hinc</span> <span class='ocrx_word' id='word_1_53' title='bbox 631 1543 809 1621; x_wconf 74' lang='lat' dir='ltr'>e&#39;l&#39;ureia</span> <span class='ocrx_word' id='word_1_54' title='bbox 836 1568 883 1618; x_wconf 89' lang='lat' dir='ltr'>ne</span> <span class='ocrx_word' id='word_1_55' title='bbox 912 1543 993 1617; x_wconf 89' lang='lat' dir='ltr'>avis</span> <span class='ocrx_word' id='word_1_56' title='bbox 1022 1542 1167 1639; x_wconf 92' lang='lat' dir='ltr'>quidem</span> <span class='ocrx_word' id='word_1_57' title='bbox 1196 1546 1291 1619; x_wconf 89' lang='lat' dir='ltr'>male</span> <span class='ocrx_word' id='word_1_58' title='bbox 1319 1546 1357 1619; x_wconf 92' lang='lat' dir='ltr'>in</span> <span class='ocrx_word' id='word_1_59' title='bbox 1386 1569 1454 1622; x_wconf 87' lang='lat' dir='ltr'>vos</span> <span class='ocrx_word' id='word_1_60' title='bbox 1482 1546 1629 1621; x_wconf 86' lang='lat' dir='ltr'>animata</span> 
     </span>
     <span class='ocr_line' id='line_1_10' title="bbox 520 1668 1628 1770; baseline -0.008 -19"><span class='ocrx_word' id='word_1_61' title='bbox 520 1674 706 1751; x_wconf 84' lang='lat' dir='ltr'>avolaret:</span> <span class='ocrx_word' id='word_1_62' title='bbox 735 1678 873 1746; x_wconf 82' lang='lat' dir='ltr'>tantum</span> <span class='ocrx_word' id='word_1_63' title='bbox 901 1673 1010 1744; x_wconf 86' lang='lat' dir='ltr'>abest</span> <span class='ocrx_word' id='word_1_64' title='bbox 1038 1678 1077 1744; x_wconf 90' lang='lat' dir='ltr'>ut</span> <span class='ocrx_word' id='word_1_65' title='bbox 1095 1668 1280 1746; x_wconf 87' lang='lat' dir='ltr'>hostiliter</span> <span class='ocrx_word' id='word_1_66' title='bbox 1298 1672 1527 1770; x_wconf 86' lang='lat' dir='ltr'>provinciam</span> <span class='ocrx_word' id='word_1_67' title='bbox 1541 1679 1628 1745; x_wconf 87' lang='lat' dir='ltr'>tuam</span> 
     </span>
     <span class='ocr_line' id='line_1_11' title="bbox 520 1793 1629 1898; baseline -0.006 -22"><span class='ocrx_word' id='word_1_68' title='bbox 520 1826 543 1876; x_wconf 86' lang='lat' dir='ltr'>a</span> <span class='ocrx_word' id='word_1_69' title='bbox 562 1798 720 1898; x_wconf 87' lang='lat' dir='ltr'>quodam</span> <span class='ocrx_word' id='word_1_70' title='bbox 737 1795 864 1895; x_wconf 88' lang='lat' dir='ltr'>impeti</span> <span class='ocrx_word' id='word_1_71' title='bbox 882 1816 1019 1892; x_wconf 92' lang='lat' dir='ltr'>passus</span> <span class='ocrx_word' id='word_1_72' title='bbox 1037 1794 1181 1869; x_wconf 84' lang='lat' dir='ltr'>suisset.</span> <span class='ocrx_word' id='word_1_73' title='bbox 1212 1793 1374 1872; x_wconf 88' lang='lat' dir='ltr'>Proinde</span> <span class='ocrx_word' id='word_1_74' title='bbox 1401 1797 1455 1872; x_wconf 93' lang='lat' dir='ltr'>tui</span> <span class='ocrx_word' id='word_1_75' title='bbox 1483 1795 1629 1872; x_wconf 87' lang='lat' dir='ltr'>muneris</span> 
     </span>
     <span class='ocr_line' id='line_1_12' title="bbox 517 1921 1626 2023; baseline -0.007 -20"><span class='ocrx_word' id='word_1_76' title='bbox 517 1935 576 2004; x_wconf 88' lang='lat' dir='ltr'>est</span> <span class='ocrx_word' id='word_1_77' title='bbox 593 1926 702 2001; x_wconf 86' lang='lat' dir='ltr'>fidem</span> <span class='ocrx_word' id='word_1_78' title='bbox 719 1932 911 2023; x_wconf 87' lang='lat' dir='ltr'>paternam</span> <span class='ocrx_word' id='word_1_79' title='bbox 922 1921 1143 2012; x_wconf 90' lang='lat' dir='ltr'>meminisse,</span> <span class='ocrx_word' id='word_1_80' title='bbox 1155 1921 1307 2020; x_wconf 90' lang='lat' dir='ltr'>eiusque</span> <span class='ocrx_word' id='word_1_81' title='bbox 1319 1923 1445 1999; x_wconf 87' lang='lat' dir='ltr'>virtuti</span> <span class='ocrx_word' id='word_1_82' title='bbox 1464 1945 1509 1998; x_wconf 87' lang='lat' dir='ltr'>ae</span> <span class='ocrx_word' id='word_1_83' title='bbox 1528 1923 1626 1998; x_wconf 84' lang='lat' dir='ltr'>vesti-</span> 
     </span>
     <span class='ocr_line' id='line_1_13' title="bbox 466 2048 1629 2152; baseline -0.009 -18"><span class='ocrx_word' id='word_1_84' title='bbox 466 2129 470 2134; x_wconf 83' lang='grc'><em>,</em></span> <span class='ocrx_word' id='word_1_85' title='bbox 520 2055 594 2152; x_wconf 78' lang='lat' dir='ltr'>giis</span> <span class='ocrx_word' id='word_1_86' title='bbox 631 2051 814 2142; x_wconf 84' lang='lat' dir='ltr'>insistere,</span> <span class='ocrx_word' id='word_1_87' title='bbox 843 2049 895 2123; x_wconf 86' lang='lat' dir='ltr'>ita</span> <span class='ocrx_word' id='word_1_88' title='bbox 914 2055 955 2122; x_wconf 91' lang='lat' dir='ltr'>ut</span> <span class='ocrx_word' id='word_1_89' title='bbox 964 2049 1175 2124; x_wconf 87' lang='lat' dir='ltr'>universum</span> <span class='ocrx_word' id='word_1_90' title='bbox 1185 2072 1303 2144; x_wconf 82' lang='lat' dir='ltr'>genus</span> <span class='ocrx_word' id='word_1_91' title='bbox 1312 2048 1510 2126; x_wconf 86' lang='lat' dir='ltr'>humanum</span> <span class='ocrx_word' id='word_1_92' title='bbox 1520 2049 1629 2124; x_wconf 80' lang='lat' dir='ltr'>fausta</span> 
     </span>
     <span class='ocr_line' id='line_1_14' title="bbox 519 2175 1630 2278; baseline -0.008 -21"><span class='ocrx_word' id='word_1_93' title='bbox 519 2182 589 2257; x_wconf 91' lang='lat' dir='ltr'>tibi</span> <span class='ocrx_word' id='word_1_94' title='bbox 618 2201 784 2278; x_wconf 90' lang='lat' dir='ltr'>quaeque</span> <span class='ocrx_word' id='word_1_95' title='bbox 814 2175 967 2252; x_wconf 86' lang='lat' dir='ltr'>ominari</span> <span class='ocrx_word' id='word_1_96' title='bbox 995 2175 1126 2273; x_wconf 86' lang='lat' dir='ltr'>possit.</span> <span class='ocrx_word' id='word_1_97' title='bbox 1166 2175 1346 2273; x_wconf 85' lang='lat' dir='ltr'>Equidem</span> <span class='ocrx_word' id='word_1_98' title='bbox 1385 2175 1558 2274; x_wconf 82' lang='lat' dir='ltr'>profiteor</span> <span class='ocrx_word' id='word_1_99' title='bbox 1582 2199 1630 2248; x_wconf 86' lang='lat' dir='ltr'>me</span> 
     </span>
     <span class='ocr_line' id='line_1_15' title="bbox 521 2301 1631 2408; baseline -0.006 -23"><span class='ocrx_word' id='word_1_100' title='bbox 521 2306 648 2408; x_wconf 93' lang='lat' dir='ltr'>optimi</span> <span class='ocrx_word' id='word_1_101' title='bbox 671 2304 792 2405; x_wconf 89' lang='lat' dir='ltr'>patris</span> <span class='ocrx_word' id='word_1_102' title='bbox 816 2303 990 2401; x_wconf 89' lang='lat' dir='ltr'>optimum</span> <span class='ocrx_word' id='word_1_103' title='bbox 1017 2301 1130 2376; x_wconf 89' lang='lat' dir='ltr'>filium</span> <span class='ocrx_word' id='word_1_104' title='bbox 1160 2325 1257 2396; x_wconf 89' lang='lat' dir='ltr'>esse,</span> <span class='ocrx_word' id='word_1_105' title='bbox 1285 2303 1442 2400; x_wconf 87' lang='lat' dir='ltr'>ideoque</span> <span class='ocrx_word' id='word_1_106' title='bbox 1461 2303 1631 2398; x_wconf 84' lang='lat' dir='ltr'>integrum</span> 
     </span>
     <span class='ocr_line' id='line_1_16' title="bbox 520 2431 1722 2529; baseline -0.008 -17"><span class='ocrx_word' id='word_1_107' title='bbox 520 2461 578 2512; x_wconf 91' lang='lat' dir='ltr'>me</span> <span class='ocrx_word' id='word_1_108' title='bbox 606 2460 650 2512; x_wconf 87' lang='lat' dir='ltr'>ac</span> <span class='ocrx_word' id='word_1_109' title='bbox 679 2435 859 2511; x_wconf 88' lang='lat' dir='ltr'>sincerum</span> <span class='ocrx_word' id='word_1_110' title='bbox 878 2431 1022 2506; x_wconf 88' lang='lat' dir='ltr'>censeri</span> <span class='ocrx_word' id='word_1_111' title='bbox 1041 2431 1158 2529; x_wconf 92' lang='lat' dir='ltr'>cupio.</span> <span class='ocrx_word' id='word_1_112' title='bbox 1197 2431 1303 2507; x_wconf 90' lang='lat' dir='ltr'>Haec</span> <span class='ocrx_word' id='word_1_113' title='bbox 1329 2443 1388 2508; x_wconf 93' lang='lat' dir='ltr'>est</span> <span class='ocrx_word' id='word_1_114' title='bbox 1414 2433 1498 2508; x_wconf 90' lang='lat' dir='ltr'>sola</span> <span class='ocrx_word' id='word_1_115' title='bbox 1521 2453 1623 2508; x_wconf 88' lang='lat' dir='ltr'>causa</span> <span class='ocrx_word' id='word_1_116' title='bbox 1721 2491 1722 2502; x_wconf 51' lang='lat'>.</span> 
     </span>
     <span class='ocr_line' id='line_1_17' title="bbox 520 2525 1722 2662; baseline -0.007 -23"><span class='ocrx_word' id='word_1_117' title='bbox 520 2563 617 2662; x_wconf 92' lang='lat' dir='ltr'>quod</span> <span class='ocrx_word' id='word_1_118' title='bbox 637 2561 748 2638; x_wconf 89' lang='lat' dir='ltr'>etiam</span> <span class='ocrx_word' id='word_1_119' title='bbox 767 2559 812 2633; x_wconf 93' lang='lat' dir='ltr'>de</span> <span class='ocrx_word' id='word_1_120' title='bbox 831 2567 868 2633; x_wconf 90' lang='lat' dir='ltr'>te</span> <span class='ocrx_word' id='word_1_121' title='bbox 897 2582 942 2632; x_wconf 91' lang='lat' dir='ltr'>ac</span> <span class='ocrx_word' id='word_1_122' title='bbox 970 2565 1034 2632; x_wconf 88' lang='lat' dir='ltr'>tna</span> <span class='ocrx_word' id='word_1_123' title='bbox 1061 2557 1196 2632; x_wconf 83' lang='lat' dir='ltr'>virtute</span> <span class='ocrx_word' id='word_1_124' title='bbox 1224 2558 1369 2658; x_wconf 89' lang='lat' dir='ltr'>nonnisi</span> <span class='ocrx_word' id='word_1_125' title='bbox 1401 2555 1631 2634; x_wconf 88' lang='lat' dir='ltr'>honorificam</span> <span class='ocrx_word' id='word_1_126' title='bbox 1721 2525 1722 2548; x_wconf 22' lang='grc' dir='ltr'><strong><em>Ν</em></strong></span> 
     </span>
     <span class='ocr_line' id='line_1_18' title="bbox 521 2685 1632 2785; baseline -0.009 -20"><span class='ocrx_word' id='word_1_127' title='bbox 521 2713 645 2765; x_wconf 89' lang='lat' dir='ltr'>coram</span> <span class='ocrx_word' id='word_1_128' title='bbox 675 2691 903 2785; x_wconf 84' lang='lat' dir='ltr'>Imperatore</span> <span class='ocrx_word' id='word_1_129' title='bbox 931 2692 1072 2772; x_wconf 88' lang='lat' dir='ltr'>nostro,</span> <span class='ocrx_word' id='word_1_130' title='bbox 1111 2685 1400 2782; x_wconf 90' lang='lat' dir='ltr'>quotiescunque</span> <span class='ocrx_word' id='word_1_131' title='bbox 1428 2685 1574 2759; x_wconf 84' lang='lat' dir='ltr'>occasio</span> <span class='ocrx_word' id='word_1_132' title='bbox 1598 2705 1632 2756; x_wconf 91' lang='lat' dir='ltr'>se</span> 
     </span>
     <span class='ocr_line' id='line_1_19' title="bbox 521 2807 1632 2911; baseline -0.01 -20"><span class='ocrx_word' id='word_1_133' title='bbox 521 2813 665 2906; x_wconf 88' lang='lat' dir='ltr'>obtulit,</span> <span class='ocrx_word' id='word_1_134' title='bbox 694 2833 888 2887; x_wconf 88' lang='lat' dir='ltr'>censuram</span> <span class='ocrx_word' id='word_1_135' title='bbox 917 2810 1076 2885; x_wconf 90' lang='lat' dir='ltr'>tulerim.</span> <span class='ocrx_word' id='word_1_136' title='bbox 1108 2809 1228 2901; x_wconf 79' lang='lat' dir='ltr'>Quum</span> <span class='ocrx_word' id='word_1_137' title='bbox 1265 2834 1383 2911; x_wconf 89' lang='lat' dir='ltr'>nuper</span> <span class='ocrx_word' id='word_1_138' title='bbox 1412 2807 1632 2908; x_wconf 75' lang='lat' dir='ltr'>Gyrgioriae</span> 
     </span>
     <span class='ocr_line' id='line_1_20' title="bbox 522 2936 1628 3041; baseline -0.012 -23"><span class='ocrx_word' id='word_1_139' title='bbox 522 2965 616 3041; x_wconf 92' lang='lat' dir='ltr'>pons</span> <span class='ocrx_word' id='word_1_140' title='bbox 635 2940 672 3015; x_wconf 94' lang='lat' dir='ltr'>in</span> <span class='ocrx_word' id='word_1_141' title='bbox 693 2938 866 3015; x_wconf 83' lang='lat' dir='ltr'>Danubio</span> <span class='ocrx_word' id='word_1_142' title='bbox 885 2936 1019 3011; x_wconf 87' lang='lat' dir='ltr'>fuisset</span> <span class='ocrx_word' id='word_1_143' title='bbox 1036 2937 1167 3026; x_wconf 84' lang='lat' dir='ltr'>factus,</span> <span class='ocrx_word' id='word_1_144' title='bbox 1188 2937 1319 3012; x_wconf 87' lang='lat' dir='ltr'>credas</span> <span class='ocrx_word' id='word_1_145' title='bbox 1339 2937 1449 3012; x_wconf 87' lang='lat' dir='ltr'>velim</span> <span class='ocrx_word' id='word_1_146' title='bbox 1470 2959 1552 3011; x_wconf 90' lang='lat' dir='ltr'>eum</span> <span class='ocrx_word' id='word_1_147' title='bbox 1570 2955 1628 3008; x_wconf 92' lang='lat' dir='ltr'>non</span> 
     </span>
     <span class='ocr_line' id='line_1_21' title="bbox 519 3062 1630 3158; baseline -0.008 -13"><span class='ocrx_word' id='word_1_148' title='bbox 519 3069 658 3146; x_wconf 78' lang='lat' dir='ltr'>eliade</span> <span class='ocrx_word' id='word_1_149' title='bbox 677 3062 924 3142; x_wconf 83' lang='lat' dir='ltr'>cousuluisse</span> <span class='ocrx_word' id='word_1_150' title='bbox 944 3069 1180 3152; x_wconf 87' lang='lat' dir='ltr'>exstructum,</span> <span class='ocrx_word' id='word_1_151' title='bbox 1204 3086 1314 3158; x_wconf 92' lang='lat' dir='ltr'>quam</span> <span class='ocrx_word' id='word_1_152' title='bbox 1332 3072 1373 3139; x_wconf 88' lang='lat' dir='ltr'>ut</span> <span class='ocrx_word' id='word_1_153' title='bbox 1391 3063 1630 3138; x_wconf 77' lang='lat' dir='ltr'>connivemus</span> 
     </span>
     <span class='ocr_line' id='line_1_22' title="bbox 520 3187 1629 3290; baseline -0.008 -18"><span class='ocrx_word' id='word_1_154' title='bbox 520 3194 697 3272; x_wconf 78' lang='lat' dir='ltr'>Caesaris</span> <span class='ocrx_word' id='word_1_155' title='bbox 716 3191 844 3290; x_wconf 88' lang='lat' dir='ltr'>copiae</span> <span class='ocrx_word' id='word_1_156' title='bbox 861 3189 1041 3264; x_wconf 87' lang='lat' dir='ltr'>traiectae</span> <span class='ocrx_word' id='word_1_157' title='bbox 1060 3187 1098 3262; x_wconf 90' lang='lat' dir='ltr'>in</span> <span class='ocrx_word' id='word_1_158' title='bbox 1110 3188 1394 3289; x_wconf 79' lang='lat' dir='ltr'>Transylranos</span> <span class='ocrx_word' id='word_1_159' title='bbox 1413 3187 1629 3265; x_wconf 86' lang='lat' dir='ltr'>ducerentur·</span> 
     </span>
     <span class='ocr_line' id='line_1_23' title="bbox 521 3315 1629 3416; baseline -0.009 -18"><span class='ocrx_word' id='word_1_160' title='bbox 521 3321 597 3398; x_wconf 86' lang='lat' dir='ltr'>Sed</span> <span class='ocrx_word' id='word_1_161' title='bbox 613 3326 732 3396; x_wconf 85' lang='lat' dir='ltr'>testor</span> <span class='ocrx_word' id='word_1_162' title='bbox 750 3317 881 3410; x_wconf 90' lang='lat' dir='ltr'>Deum,</span> <span class='ocrx_word' id='word_1_163' title='bbox 901 3340 959 3391; x_wconf 83' lang='lat' dir='ltr'>me</span> <span class='ocrx_word' id='word_1_164' title='bbox 981 3317 1100 3393; x_wconf 91' lang='lat' dir='ltr'>solum</span> <span class='ocrx_word' id='word_1_165' title='bbox 1123 3317 1239 3392; x_wconf 84' lang='lat' dir='ltr'>fuisse</span> <span class='ocrx_word' id='word_1_166' title='bbox 1258 3340 1326 3415; x_wconf 93' lang='lat' dir='ltr'>pro</span> <span class='ocrx_word' id='word_1_167' title='bbox 1344 3317 1451 3393; x_wconf 90' lang='lat' dir='ltr'>vobis</span> <span class='ocrx_word' id='word_1_168' title='bbox 1470 3315 1629 3416; x_wconf 82' lang='lat' dir='ltr'>depreca-</span> 
     </span>
     <span class='ocr_line' id='line_1_24' title="bbox 519 3442 1630 3544; baseline -0.006 -21"><span class='ocrx_word' id='word_1_169' title='bbox 519 3457 637 3524; x_wconf 86' lang='lat' dir='ltr'>torem</span> <span class='ocrx_word' id='word_1_170' title='bbox 658 3444 756 3544; x_wconf 88' lang='lat' dir='ltr'>apud</span> <span class='ocrx_word' id='word_1_171' title='bbox 765 3442 978 3535; x_wconf 80' lang='lat' dir='ltr'>Caesarem,</span> <span class='ocrx_word' id='word_1_172' title='bbox 999 3443 1190 3541; x_wconf 90' lang='lat' dir='ltr'>quominus</span> <span class='ocrx_word' id='word_1_173' title='bbox 1210 3445 1401 3542; x_wconf 88' lang='lat' dir='ltr'>provincia</span> <span class='ocrx_word' id='word_1_174' title='bbox 1420 3453 1485 3521; x_wconf 87' lang='lat' dir='ltr'>tua</span> <span class='ocrx_word' id='word_1_175' title='bbox 1502 3453 1630 3544; x_wconf 86' lang='lat' dir='ltr'>petere·</span> 
     </span>
     <span class='ocr_line' id='line_1_25' title="bbox 520 3569 1628 3669; baseline -0.01 -19"><span class='ocrx_word' id='word_1_176' title='bbox 520 3583 589 3650; x_wconf 91' lang='lat' dir='ltr'>tur.</span> <span class='ocrx_word' id='word_1_177' title='bbox 609 3575 688 3650; x_wconf 89' lang='lat' dir='ltr'>Imo</span> <span class='ocrx_word' id='word_1_178' title='bbox 709 3571 743 3647; x_wconf 94' lang='lat' dir='ltr'>si</span> <span class='ocrx_word' id='word_1_179' title='bbox 760 3571 809 3647; x_wconf 90' lang='lat' dir='ltr'>ad</span> <span class='ocrx_word' id='word_1_180' title='bbox 826 3575 975 3668; x_wconf 89' lang='lat' dir='ltr'>pontem</span> <span class='ocrx_word' id='word_1_181' title='bbox 990 3569 1283 3666; x_wconf 84' lang='lat' dir='ltr'>Belgradeusem</span> <span class='ocrx_word' id='word_1_182' title='bbox 1302 3579 1443 3647; x_wconf 86' lang='lat' dir='ltr'>mature</span> <span class='ocrx_word' id='word_1_183' title='bbox 1462 3570 1555 3646; x_wconf 90' lang='lat' dir='ltr'>mihi</span> <span class='ocrx_word' id='word_1_184' title='bbox 1563 3589 1628 3669; x_wconf 90' lang='lat' dir='ltr'>per·</span> 
     </span>
     <span class='ocr_line' id='line_1_26' title="bbox 521 3695 1627 3793; baseline -0.007 -17"><span class='ocrx_word' id='word_1_185' title='bbox 521 3701 648 3778; x_wconf 88' lang='lat' dir='ltr'>venire</span> <span class='ocrx_word' id='word_1_186' title='bbox 667 3695 896 3791; x_wconf 82' lang='lat' dir='ltr'>contigisset,</span> <span class='ocrx_word' id='word_1_187' title='bbox 915 3717 996 3770; x_wconf 90' lang='lat' dir='ltr'>eum</span> <span class='ocrx_word' id='word_1_188' title='bbox 1016 3695 1501 3793; x_wconf 90' lang='lat' dir='ltr'>quoqueinterscindendum</span> <span class='ocrx_word' id='word_1_189' title='bbox 1520 3715 1627 3772; x_wconf 79' lang='lat' dir='ltr'>curas</span> 
     </span>
     <span class='ocr_line' id='line_1_27' title="bbox 522 3821 1626 3921; baseline -0.014 -16"><span class='ocrx_word' id='word_1_190' title='bbox 522 3852 611 3905; x_wconf 87' lang='lat' dir='ltr'>senr.</span> <span class='ocrx_word' id='word_1_191' title='bbox 632 3823 708 3901; x_wconf 86' lang='lat' dir='ltr'>Sed</span> <span class='ocrx_word' id='word_1_192' title='bbox 726 3845 810 3899; x_wconf 88' lang='lat' dir='ltr'>sero</span> <span class='ocrx_word' id='word_1_193' title='bbox 829 3823 917 3897; x_wconf 92' lang='lat' dir='ltr'>illuc</span> <span class='ocrx_word' id='word_1_194' title='bbox 933 3844 1116 3916; x_wconf 82' lang='lat' dir='ltr'>veneram,</span> <span class='ocrx_word' id='word_1_195' title='bbox 1146 3845 1227 3896; x_wconf 90' lang='lat' dir='ltr'>oum</span> <span class='ocrx_word' id='word_1_196' title='bbox 1245 3821 1319 3897; x_wconf 90' lang='lat' dir='ltr'>iam</span> <span class='ocrx_word' id='word_1_197' title='bbox 1337 3824 1436 3899; x_wconf 91' lang='lat' dir='ltr'>bona</span> <span class='ocrx_word' id='word_1_198' title='bbox 1453 3824 1626 3921; x_wconf 84' lang='lat' dir='ltr'>copiarum</span> 
     </span>
     <span class='ocr_line' id='line_1_28' title="bbox 522 3945 1721 4055; baseline -0.011 -24"><span class='ocrx_word' id='word_1_199' title='bbox 522 3976 611 4055; x_wconf 92' lang='lat' dir='ltr'>pars</span> <span class='ocrx_word' id='word_1_200' title='bbox 630 3958 779 4052; x_wconf 89' lang='lat' dir='ltr'>pontem</span> <span class='ocrx_word' id='word_1_201' title='bbox 796 3947 1020 4025; x_wconf 82' lang='lat' dir='ltr'>transiisset.</span> <span class='ocrx_word' id='word_1_202' title='bbox 1057 3945 1142 4023; x_wconf 86' lang='lat' dir='ltr'>Soio</span> <span class='ocrx_word' id='word_1_203' title='bbox 1170 3955 1207 4022; x_wconf 90' lang='lat' dir='ltr'>te</span> <span class='ocrx_word' id='word_1_204' title='bbox 1227 3971 1493 4048; x_wconf 78' lang='lat' dir='ltr'>saepenumero</span> <span class='ocrx_word' id='word_1_205' title='bbox 1512 3949 1624 4024; x_wconf 89' lang='lat' dir='ltr'>hnma-</span> <span class='ocrx_word' id='word_1_206' title='bbox 1720 4015 1721 4018; x_wconf 5' lang='grc' dir='ltr'>γ</span> 
     </span>
     <span class='ocr_line' id='line_1_29' title="bbox 522 4074 1721 4177; baseline -0.011 -21"><span class='ocrx_word' id='word_1_207' title='bbox 522 4081 618 4156; x_wconf 89' lang='lat' dir='ltr'>niter</span> <span class='ocrx_word' id='word_1_208' title='bbox 635 4102 680 4153; x_wconf 91' lang='lat' dir='ltr'>ac</span> <span class='ocrx_word' id='word_1_209' title='bbox 697 4076 841 4177; x_wconf 86' lang='lat' dir='ltr'>prolixe</span> <span class='ocrx_word' id='word_1_210' title='bbox 860 4074 949 4151; x_wconf 91' lang='lat' dir='ltr'>mihi</span> <span class='ocrx_word' id='word_1_211' title='bbox 968 4074 1177 4173; x_wconf 77' lang='lat' dir='ltr'>scripsisse,</span> <span class='ocrx_word' id='word_1_212' title='bbox 1204 4074 1346 4173; x_wconf 88' lang='lat' dir='ltr'>hasque</span> <span class='ocrx_word' id='word_1_213' title='bbox 1375 4077 1506 4152; x_wconf 86' lang='lat' dir='ltr'>turbas</span> <span class='ocrx_word' id='word_1_214' title='bbox 1535 4091 1624 4151; x_wconf 87' lang='lat' dir='ltr'>exou—</span> <span class='ocrx_word' id='word_1_215' title='bbox 1720 4127 1721 4165; x_wconf 71' lang='lat'>,</span> 
     </span>
     <span class='ocr_line' id='line_1_30' title="bbox 522 4202 1622 4302; baseline -0.01 -20"><span class='ocrx_word' id='word_1_216' title='bbox 522 4228 640 4298; x_wconf 86' lang='lat' dir='ltr'>sasso,</span> <span class='ocrx_word' id='word_1_217' title='bbox 659 4227 739 4280; x_wconf 90' lang='lat' dir='ltr'>cum</span> <span class='ocrx_word' id='word_1_218' title='bbox 757 4225 874 4302; x_wconf 88' lang='lat' dir='ltr'>nuper</span> <span class='ocrx_word' id='word_1_219' title='bbox 903 4202 1131 4279; x_wconf 88' lang='lat' dir='ltr'>obsidionem</span> <span class='ocrx_word' id='word_1_220' title='bbox 1152 4203 1503 4280; x_wconf 78' lang='lat' dir='ltr'>Timisvariensem</span> <span class='ocrx_word' id='word_1_221' title='bbox 1531 4204 1622 4278; x_wconf 86' lang='lat' dir='ltr'>inter·</span> 
     </span>
     <span class='ocr_line' id='line_1_31' title="bbox 522 4327 1623 4429; baseline -0.011 -20"><span class='ocrx_word' id='word_1_222' title='bbox 522 4333 715 4426; x_wconf 79' lang='lat' dir='ltr'>mittebas3</span> <span class='ocrx_word' id='word_1_223' title='bbox 750 4329 918 4427; x_wconf 90' lang='lat' dir='ltr'>equidem</span> <span class='ocrx_word' id='word_1_224' title='bbox 946 4327 1037 4403; x_wconf 93' lang='lat' dir='ltr'>nihil</span> <span class='ocrx_word' id='word_1_225' title='bbox 1065 4330 1182 4422; x_wconf 93' lang='lat' dir='ltr'>omisi,</span> <span class='ocrx_word' id='word_1_226' title='bbox 1214 4352 1284 4428; x_wconf 93' lang='lat' dir='ltr'>quo</span> <span class='ocrx_word' id='word_1_227' title='bbox 1314 4329 1412 4429; x_wconf 89' lang='lat' dir='ltr'>apud</span> <span class='ocrx_word' id='word_1_228' title='bbox 1439 4327 1623 4406; x_wconf 82' lang='lat' dir='ltr'>Caesarem</span> 
     </span>
     <span class='ocr_line' id='line_1_32' title="bbox 520 4447 1623 4555; baseline -0.01 -20"><span class='ocrx_word' id='word_1_229' title='bbox 520 4461 657 4536; x_wconf 84' lang='lat' dir='ltr'>lactum</span> <span class='ocrx_word' id='word_1_230' title='bbox 676 4466 775 4533; x_wconf 92' lang='lat' dir='ltr'>tuum</span> <span class='ocrx_word' id='word_1_231' title='bbox 794 4478 1022 4549; x_wconf 83' lang='lat' dir='ltr'>excusarem,</span> <span class='ocrx_word' id='word_1_232' title='bbox 1049 4456 1102 4531; x_wconf 89' lang='lat' dir='ltr'>ita</span> <span class='ocrx_word' id='word_1_233' title='bbox 1129 4463 1169 4530; x_wconf 91' lang='lat' dir='ltr'>ut</span> <span class='ocrx_word' id='word_1_234' title='bbox 1188 4455 1364 4555; x_wconf 91' lang='lat' dir='ltr'>quidquid</span> <span class='ocrx_word' id='word_1_235' title='bbox 1382 4456 1558 4532; x_wconf 88' lang='lat' dir='ltr'>hactenus</span> <span class='ocrx_word' id='word_1_236' title='bbox 1574 4447 1623 4524; x_wconf 83' lang='lat' dir='ltr'>ud-</span> 
     </span>
     <span class='ocr_line' id='line_1_33' title="bbox 521 4577 1621 4676; baseline -0.006 -16"><span class='ocrx_word' id='word_1_237' title='bbox 521 4608 652 4662; x_wconf 87' lang='lat' dir='ltr'>versus</span> <span class='ocrx_word' id='word_1_238' title='bbox 661 4585 835 4660; x_wconf 83' lang='lat' dir='ltr'>invictam</span> <span class='ocrx_word' id='word_1_239' title='bbox 845 4585 925 4659; x_wconf 83' lang='lat' dir='ltr'>eius</span> <span class='ocrx_word' id='word_1_240' title='bbox 935 4584 1163 4659; x_wconf 87' lang='lat' dir='ltr'>maiestatem</span> <span class='ocrx_word' id='word_1_241' title='bbox 1174 4583 1398 4676; x_wconf 86' lang='lat' dir='ltr'>commisisti,</span> <span class='ocrx_word' id='word_1_242' title='bbox 1417 4583 1471 4658; x_wconf 91' lang='lat' dir='ltr'>ita</span> <span class='ocrx_word' id='word_1_243' title='bbox 1490 4605 1543 4657; x_wconf 90' lang='lat' dir='ltr'>me</span> <span class='ocrx_word' id='word_1_244' title='bbox 1561 4577 1621 4652; x_wconf 84' lang='lat' dir='ltr'>De·</span> 
     </span>
     <span class='ocr_line' id='line_1_34' title="bbox 523 4707 1618 4812; baseline -0.016 -22"><span class='ocrx_word' id='word_1_245' title='bbox 523 4707 1382 4812; x_wconf 80' lang='lat' dir='ltr'>usadiuvet,0aesarem(fecerim)tibiidtotum</span> <span class='ocrx_word' id='word_1_246' title='bbox 1393 4711 1618 4786; x_wconf 86' lang='lat' dir='ltr'>condonasse.</span> 
     </span>
    </p>
   </div>
   <div class='ocr_carea' id='block_1_3' title="bbox 0 0 1823 5534">
    <p class='ocr_par' dir='ltr' id='par_1_3' title="bbox 0 0 1823 5534">
     <span class='ocr_line' id='line_1_35' title="bbox 0 0 1823 5534; baseline 0 0"><span class='ocrx_word' id='word_1_247' title='bbox 0 0 1823 5534; x_wconf 95' lang='lat' dir='ltr'> </span> 
     </span>
    </p>
   </div>
  </div>
 </body>
</html>
