3625 5534
439 369 462 443 6
832 388 881 438 10.
902 386 1004 436 nucu
1021 384 1171 436 nnnovn

438 566 511 640 huc
529 565 568 638 in
586 565 682 638 vivis
701 571 794 650 sunt,
816 561 884 636 sed
903 561 1015 636 etiam
1024 568 1257 658 posterorum
1276 568 1400 658 gratia
1418 568 1572 644 omnino

440 699 590 768 exstare
607 712 765 767 necesse
784 697 853 764 est.
883 689 969 764 Erit
987 687 1082 763 enim
1100 690 1230 787 procul
1250 689 1360 767 dubio
1383 695 1575 770 intereos

441 819 572 908 etiam,
594 816 761 917 qui'post
780 839 847 891 nos
866 822 1085 903 nascentur,
1116 817 1213 892 sicut
1230 817 1328 894 inter
1345 830 1575 920 praesentes

440 946 520 1036 fuit,
540 969 676 1041 magna
695 944 889 1034 dissensio
910 966 991 1017 cum
1002 942 1067 1016 alii
1084 943 1257 1021 laudibus
1276 946 1325 1020 ad
1343 949 1488 1024 coelum
1507 971 1576 1023 res

443 1079 573 1168 gestas
592 1069 811 1148 Serenitatis
831 1071 938 1144 Tuae
957 1071 1123 1161 efferent,
1153 1069 1219 1144 alii
1236 1072 1401 1149 fortasse
1428 1071 1578 1171 aliquid

444 1196 654 1294 requirent,
677 1197 787 1295 idque
806 1198 867 1271 vel
888 1195 1102 1286 maximum,
1130 1195 1203 1270 nisi
1221 1198 1436 1293 verissima,
1455 1207 1578 1297 atque

444 1321 738 1399 luculentissima
764 1321 896 1395 harum
914 1344 1037 1396 rerum
1055 1320 1212 1395 historia
1231 1321 1279 1396 ad
1301 1346 1368 1398 ecs
1385 1347 1577 1422 propage·

443 1457 513 1524 tur.
536 1446 685 1522 Serviat
697 1447 820 1544 igitur,
840 1451 1075 1538 necesseest,
1085 1443 1276 1522 Serenitas
1287 1449 1373 1525 Tua
1390 1448 1438 1522 iis
1457 1448 1576 1524 otiam

443 1573 636 1663 iudicibus,
656 1573 719 1669 qui
728 1571 851 1647 multis
861 1580 949 1670 post
968 1570 1103 1646 seculis
1114 1570 1160 1646 de
1180 1570 1390 1649 Serenitate
1409 1575 1507 1666 Tua,
1525 1599 1578 1650 ac

446 1698 615 1774 omnibus
633 1699 712 1774 eius
732 1699 870 1796 gestis,
900 1699 1035 1788 multo,
1055 1719 1165 1794 quam
1184 1708 1424 1797 praesentes,
1452 1701 1577 1776 inccr-

323 1859 326 1866 ·
446 1825 600 1923 ruptius,
621 1825 777 1923 quippe,
799 1826 879 1900 sine
899 1824 1003 1916 odio,
1024 1834 1227 1935 etuamore,
1246 1827 1471 1902 iudicabunt.
1492 1827 1579 1902 Nec

447 1949 542 2024 enim
562 1949 656 2024 haec
666 1947 887 2026 Serenitatis
908 1952 1015 2026 Tuae
1034 1931 1115 2026 vita
1132 1950 1287 2028 dicenda
1302 1960 1477 2051 est,quae
1497 1976 1581 2028 cor·

446 2097 556 2172 pore,
576 2098 621 2148 ac
640 2075 772 2172 spiritu
792 2076 1017 2166 continetur,
1048 2098 1217 2173 quaeque
1237 2085 1392 2176 propter
1416 2085 1579 2155 naturae

447 2199 697 2297 fragilitatem,
709 2210 746 2276 et
753 2200 951 2277 instabiles
963 2201 1146 2276 humanae
1165 2201 1337 2278 fortunae
1356 2225 1478 2298 casus,
1491 2205 1579 2280 bre-

449 2326 1581 2424 mmmmmmffimmfflmm

450 2459 527 2544 est,
548 2451 794 2528 Serenissime
814 2455 1016 2553 Princeps,
1047 2478 1157 2553 quam
1175 2464 1329 2555 propter
1357 2458 1514 2554 egregia
1541 2458 1581 2532 in

449 2578 609 2676 patriam
628 2579 759 2654 merita
778 2579 933 2656 coelitus
953 2606 977 2655 a
996 2581 1079 2657 Deo
1100 2581 1335 2656 donandam:
1363 2583 1446 2658 fera
1463 2605 1580 2680 nepo

450 2711 526 2778 tum
544 2704 748 2801 posteritas
768 2705 863 2794 alet,
892 2729 987 2802 quae
1004 2706 1147 2802 vigebit
1165 2707 1341 2782 memoria
1370 2706 1581 2783 seculorum

452 2829 619 2918 omnium,
640 2854 750 2928 quam
768 2831 854 2929 ipsa
873 2832 1075 2906 aeternitas
1096 2855 1243 2929 semper
1261 2831 1489 2922 intuebitur,
1507 2855 1582 2909 nec

452 2956 530 3032 ulla
548 2979 708 3055 unquam
727 2967 932 3058 temporum
948 2959 1088 3035 delebit
1106 2955 1255 3034 oblivio.
1275 2956 1337 3034 Ad
1351 2960 1447 3036 hauc
1465 2959 1581 3055 igitur

453 3083 566 3158 vitam
586 3082 670 3158 Tua
689 3081 882 3160 Serenitas
901 3085 1061 3183 aspiret,
1083 3084 1180 3160 hanc
1198 3084 1377 3181 gloriam,
1394 3082 1497 3159 nullo
1511 3103 1583 3159 un·

455 3231 563 3305 quam
582 3215 747 3308 tempore
766 3209 1086 3304 intermorituram,
1107 3218 1279 3302 sectetur,
1289 3203 1463 3308 oportet,
1484 3231 1584 3307 quae

454 3339 512 3406 est
528 3332 686 3408 illustris
706 3316 898 3430 quaedam,
919 3343 956 3411 et
974 3345 1182 3434 pervagata
1200 3337 1408 3428 multorum,
1427 3357 1583 3432 magno·

455 3479 617 3556 rumque,
639 3458 699 3533 vel
717 3459 755 3533 iu
775 3483 863 3536 suos
883 3461 995 3552 cives,
1014 3463 1076 3536 vel
1089 3461 1129 3536 in
1147 3463 1318 3559 patriam,
1338 3460 1399 3536 vel
1418 3459 1458 3534 in
1476 3482 1585 3536 omne

457 3607 575 3683 genus
594 3585 898 3680 hcminumiama
917 3588 1150 3680 meritorum,
1176 3595 1288 3685 atque
1307 3584 1583 3662 beneficiorum.

456 3711 553 3789 Huic
573 3713 659 3788 Tua
678 3710 868 3788 Serenitas
898 3715 1098 3808 inserviat,
1117 3713 1203 3790 huic
1225 3737 1268 3791 se
1296 3712 1518 3790 clarissimis
1545 3711 1586 3786 in

457 3862 584 3916 omnes
612 3840 796 3916 hominum
828 3842 977 3918 ordines
1006 3843 1213 3919 benefactis
1242 3849 1397 3933 voveat,
1425 3845 1584 3938 oportet.

459 3967 711 4064 Quaequidem
730 3967 825 4061 iam,
846 3991 941 4065 quae
960 3968 1133 4060 miretur,
1157 3967 1300 4067 pridem
1328 3965 1443 4042 multa
1461 3965 1586 4053 habet,

458 4115 554 4167 nunc
582 4092 693 4168 etiam
712 4116 808 4190 quae
838 4093 1010 4169 laudibus
1038 4094 1077 4168 in
1096 4094 1238 4168 coelum
1268 4091 1421 4183 evehat,
1450 4111 1586 4186 magno

461 4216 645 4293 desiderio
665 4226 828 4317 exoptat.
858 4215 953 4307 Quis
972 4218 1069 4293 euim
1087 4241 1163 4294 non
1186 4217 1359 4309 miretur,
1387 4215 1486 4290 hanc
1504 4236 1587 4312 pro

461 4342 638 4436 vinciam,
657 4350 712 4419 tot
731 4344 891 4442 undique
911 4343 1195 4421 circumventam
1217 4343 1408 4437 hostibus,
1433 4339 1584 4434 tamdiu,

460 4479 609 4571 tamque
637 4473 797 4548 feliciter
829 4474 958 4549 aTua
977 4471 1187 4550 Serenitate
1220 4468 1495 4570 gubernatam?
1531 4475 1588 4544 tot

460 4597 686 4674 clancularia
719 4600 900 4676 adversus
931 4622 971 4674 se
1000 4599 1159 4676 consilia
1186 4605 1262 4676 tam
1291 4597 1481 4697 sagaciter
1509 4594 1587 4671 ani·
