3625 5534
469 430 582 533 LXV*
833 439 1086 507 nncsrrssos
1102 439 1213 504 inere

474 629 636 707 subinde
655 623 864 722 insigniet?
883 625 1016 699 Nonne
1036 624 1339 718 Iurisconsultus,
1357 624 1537 715 Medicus,
1556 622 1607 699 in·

471 756 605 856 primis
624 777 713 831 vero
732 752 850 827 Poeta
869 775 1006 849 mogus
1023 773 1104 825 eum
1139 752 1251 826 laude
1270 753 1329 826 rel
1356 751 1497 850 scriptu
1525 773 1605 835 sus,

470 884 531 959 vel
564 880 799 981 quotidianos
818 901 1008 955 sermones
1036 877 1174 953 talibus
1202 880 1395 955 moralium
1421 880 1602 957 dictorum

472 1032 539 1085 een
558 1008 718 1085 tellulis
728 1006 996 1105 quodammodo
1005 1002 1255 1081 illuminabit?
1273 1003 1486 1081 Taoeoiem
1495 1006 1601 1081 Prin-

473 1136 576 1235 oipes
595 1156 640 1210 nu
657 1133 759 1210 viros
777 1133 962 1231 politione,
981 1132 1044 1228 qui
1062 1140 1163 1207 uerte
1182 1131 1281 1207 haud
1298 1134 1378 1208 seio
1397 1158 1445 1209 nu
1462 1133 1546 1209 ulie
1558 1157 1601 1207 re

471 1260 549 1338 alia
570 1259 690 1356 magis
710 1266 847 1357 queant
865 1260 926 1333 vel
953 1258 1199 1352 gravissimas
1218 1257 1265 1333 de
1287 1258 1496 1357 Republica
1514 1284 1599 1337 oon·

472 1384 702 1476 sultotiones,
723 1385 784 1460 vel
803 1384 914 1459 etium
933 1382 1169 1480 quotidianos
1193 1405 1395 1471 sermones,
1413 1408 1527 1483 quum
1546 1408 1603 1461 se·

472 1511 686 1587 lentioribus
714 1510 817 1585 hisee
850 1509 1068 1609 proverbiis,
1094 1509 1294 1586 illustrare.
1324 1512 1411 1585 Non
1429 1514 1524 1585 enim
1545 1512 1603 1586 dr-

471 1652 524 1714 cei
537 1638 636 1713 viror
646 1636 846 1733 Principes,
865 1636 1042 1734 quiequid
1058 1639 1098 1711 ιἰι
1114 1638 1267 1711 broccum
1285 1642 1396 1729 veuit,
1415 1636 1520 1713 nullo
1535 1638 1603 1713 nd·

469 1764 580 1841 Moira
600 1764 734 1839 inrdicio
746 1759 928 1861 proferre,
953 1763 1017 1837 sed
1027 1765 1150 1861 potirer
1177 1766 1332 1840 breviter
1350 1766 1497 1863 quidem
1522 1764 1603 1864 ple-

472 1914 613 1991 rumque
632 1918 675 1966 no
699 1890 871 1984 laconice,
900 1892 1011 1966 veluti
1041 1892 1201 1991 diqnitas
1228 1895 1392 1990 ipsorum
1416 1894 1603 1991 posterior,

473 2042 597 2094 oerum
614 2043 770 2109 muoso,
800 2045 844 2093 oe
872 2020 1018 2095 nonnisi
1042 2019 1206 2093 adhibito
1234 2021 1362 2118 aliquo
1384 2022 1596 2119 paresentis,

471 2170 594 2221 amusos
612 2146 727 2220 animi
745 2150 955 2243 enprimere.

578 2268 671 2348 Cum
689 2271 786 2347 enim
805 2272 1010 2348 orationem
1029 2272 1215 2370 Principis
1244 2280 1419 2371 tunquam
1446 2276 1601 2351 ursonis
1714 2286 1716 2297 '

473 2398 656 2499 quaedem
684 2398 859 2474 divinitus
886 2421 1069 2497 responsa
1095 2396 1229 2497 vulgus
1258 2399 1439 2498 excipiat:
1473 2400 1603 2479 dmrds

472 2535 531 2603 est
549 2524 784 2622 Principibus
804 2547 930 2631 opere,
949 2532 991 2601 ut
1009 2524 1181 2622 quioquid
1199 2525 1248 2600 ab
1267 2525 1359 2624 ipsis
1388 2538 1603 2624 promanat,

473 2678 546 2731 non
565 2649 639 2727 nisi
657 2650 881 2745 gravitatem
910 2660 948 2726 et
975 2652 1137 2727 divinam
1164 2652 1349 2750 quandem
1378 2651 1603 2751 sapientium

474 2779 653 2871 redoleat,
671 2788 712 2858 ut
730 2780 803 2856 Dei
823 2779 910 2880 Opt.
931 2781 1031 2856 Max.
1061 2780 1165 2856 euius
1193 2779 1231 2854 in
1259 2780 1372 2856 terris
1399 2779 1518 2857 vinem
1538 2805 1603 2879 ge

472 2914 567 3001 runt,
588 2930 660 2983 non
680 2907 798 2984 solum
818 2908 975 2985 virtutes
1003 2908 1123 3001 fectis,
1151 2908 1347 2983 sedetiam
1376 2908 1603 3006 sapientiem
1714 2956 1716 2987 ι

473 3034 641 3112 oratione
658 3034 855 3112 imitentur.
1714 3016 1716 3061 ³

578 3159 741 3237 Proinde
759 3158 933 3237 traditum
953 3161 1068 3237 estin
1095 3160 1215 3237 saeris
1241 3159 1362 3237 literis
1388 3164 1601 3253 memoriae,

472 3282 571 3382 quod
589 3282 775 3377 Salomon,
793 3284 940 3382 Regum
958 3284 1128 3379 omnium,
1155 3284 1331 3381 quisunt,
1359 3284 1423 3383 qui
1439 3286 1602 3377 fuerunt,

470 3412 588 3509 etqui
607 3412 718 3488 futuri
746 3412 840 3505 unet,¹
869 3412 1168 3512 sapientissimus
1194 3413 1268 3489 tris
1294 3412 1409 3489 miliia
1438 3412 1601 3490 Prover-

471 3537 612 3614 biorum
630 3539 891 3637 pronunciarit,
911 3547 1017 3616 muts
1034 3562 1116 3615 oum
1134 3538 1344 3637 sapientise
1356 3540 1601 3636 significatio

471 3687 530 3755 ne,
556 3671 599 3740 ut
630 3664 741 3741 etiam
769 3666 1005 3744 remotissimi
1033 3668 1169 3766 quique
1194 3667 1324 3766 Reges
1352 3689 1398 3743 en
1422 3666 1599 3767 Reginae

469 3790 727 3890 expetiverunt
757 3791 963 3870 Proverbie
980 3793 1072 3886 eius,
1106 3793 1181 3868 hoo
1198 3800 1269 3888 est,
1287 3794 1479 3893 supienter
1496 3794 1599 3870 uicta

469 3916 588 3994 nvidis
607 3918 760 3995 ruribus
778 3919 938 3997 haurire.

575 4045 655 4120 Iam
674 4066 762 4120 vero
780 4052 821 4122 ut
839 4044 933 4121 nihil
950 4045 997 4122 de
1007 4044 1199 4143 Agesilao,
1209 4042 1416 4143 Alphonso,
1433 4043 1598 4122 Matthia

469 4163 642 4264 conns,
662 4171 804 4248 etaliis
823 4173 1118 4273 quamplurimis
1138 4172 1269 4265 diuam,
1290 4172 1597 4270 quorumspoph-

469 4294 659 4393 thegmeto
676 4298 873 4376 etiamnum
884 4297 1223 4375 eordetisomnibus
1234 4296 1468 4375 admirationi
1486 4306 1596 4375 sunt:

470 4420 629 4499 Romani
647 4434 746 4503 uerte
765 4428 955 4529 prinsipes
973 4449 1046 4504 nou
1066 4428 1323 4504 existimarunt
1335 4424 1488 4503 inferius
1506 4447 1597 4501 esse

470 4546 661 4629 maiestate
679 4550 872 4654 imperiali,
893 4563 934 4631 ιιι
953 4555 1100 4652 magnis
1118 4554 1164 4629 de
1182 4555 1296 4632 rebus
1324 4552 1481 4631 consulti
1508 4575 1596 4653 pro
