3625 5534
510 521 659 574 11111111.
680 519 765 572 uuo.
786 519 871 572 nac.
891 520 927 570 x.
948 519 981 570 n.
1001 521 1037 571 v.
1279 494 1329 574 91

198 697 390 771 voluntate
409 702 551 770 11111111
578 694 639 784 sit,
667 692 878 791 Principem
906 695 1151 792 interrogare,
1178 713 1329 788 respon-

198 843 277 895 sum
295 827 365 905 est,
395 828 567 916 agrestes
595 821 681 896 illos
718 819 883 896 foederis
911 825 1165 910 temeratores,
1194 841 1330 916 nequa·

199 969 307 1042 quam
324 945 500 1042 Principe
519 947 687 1021 consulto
705 951 847 1019 tantum
867 944 1009 1020 facinus
1020 959 1237 1042 aggressos,
1258 943 1329 1019 sed

201 1072 354 1169 propria
380 1071 544 1162 libidine,
568 1080 606 1146 et
632 1070 797 1170 praedae
824 1068 947 1145 studio
978 1093 1021 1145 eo
1049 1069 1226 1145 vesaniae
1246 1093 1331 1168 pro·

203 1196 378 1270 cessisse.

306 1323 440 1418 Itaque
459 1343 627 1417 aequum,
655 1343 701 1394 ac
727 1319 862 1395 iustum
890 1308 1061 1399 1111111
1090 1320 1199 1419 culpa
1223 1321 1330 1396 huius

201 1445 251 1520 rci
270 1445 440 1543 Principi
459 1447 507 1520 ab
525 1446 571 1520 iis
590 1446 825 1536 tribueretur,
854 1446 917 1542 qui
945 1445 1042 1520 omni
1076 1445 1197 1521 studio
1235 1446 1273 1520 in
1292 1446 1330 1520 id

200 1570 437 1668 imposterum
454 1571 682 1646 incubiturus
702 1579 814 1662 esset,
833 1594 880 1645 ne
899 1571 987 1667 quid
1005 1571 1082 1646 tale
1102 1572 1214 1646 asuis
1235 1595 1328 1646 com-

200 1697 372 1782 mittatur,
401 1697 671 1793 etquicunque
698 1697 806 1771 buius
830 1697 886 1771 rei
914 1697 1053 1772 conscii
1079 1695 1328 1797 deprehende-

201 1830 334 1911 rentur,
355 1820 516 1896 debitam
544 1822 672 1898 laesae
700 1822 912 1898 Maiestatis
940 1823 1142 1919 violatique
1165 1825 1328 1900 foederis

201 1969 355 2042 poenam
372 1949 528 2024 luerent.
547 1951 607 2023 Ita
635 1945 1053 2023 Obausiiverisimilibus
1082 1950 1329 2054 excusationi·

201 2071 277 2162 bus,
296 2072 478 2170 donisque
497 2073 650 2163 deliniti,
689 2075 738 2150 ad
765 2096 853 2149 suos
881 2073 1037 2162 rediere,
1077 2073 1175 2148 haud
1194 2075 1327 2171 ignari,

204 2219 269 2270 non
305 2198 530 2272 voluntatem
569 2198 860 2296 'Pransylvanis
900 2197 968 2272 scd
1006 2197 1235 2273 occasionem
1272 2201 1328 2273 rei

202 2328 328 2396 contra
346 2319 493 2398 Turcas
511 2323 708 2419 gerendae,
720 2323 862 2398 deesse.

659 2533 858 2544 —-.—..-

516 2709 691 2792 CAPVT
720 2711 1003 2791 SEPTIMVM.

339 2893 399 2966 Dc
419 2889 556 2968 Sicani
572 2872 733 2968 caeciliis
744 2906 827 2989 port
846 2892 985 2967 cladem
1013 2905 1208 2989 occeptum.

303 3091 403 3166 Dum
421 3090 515 3166 baec
532 3091 596 3182 ita,
624 3099 666 3166 ut
692 3090 828 3168 dictum
855 3098 924 3185 est,
954 3100 1143 3189 geruntur,
1163 3088 1326 3167 Sinanus

202 3215 374 3312 belgradi
393 3239 642 3310 commorans,
681 3219 786 3294 varia
814 3217 1062 3310 sollicitudine
1100 3219 1325 3316 agitabatur.

204 3340 415 3439 Plagrabat
427 3345 536 3436 enim,
557 3366 672 3442 supra
691 3369 800 3441 quam
818 3346 988 3442 cuiquam
1005 3345 1182 3422 credibile
1201 3345 1325 3438 sitin·

204 3467 301 3543 vidia
317 3469 419 3568 apud
436 3466 650 3563 Caesarem,
670 3470 733 3566 qui
751 3471 1016 3569 instigantibus
1036 3472 1171 3548 ceteris
1190 3491 1325 3569 pnrpu-

202 3595 302 3686 ratis,
320 3591 461 3670 Sinano
480 3594 518 3668 id
527 3602 642 3670 totum
652 3604 843 3693 acceptum
852 3597 1008 3692 ferebat,
1019 3597 1192 3694 quicquid
1203 3597 1326 3672 damni

202 3718 319 3795 intot
345 3721 495 3796 arcibus
522 3721 683 3813 amissis,
712 3729 889 3819 tantaque
918 3730 1179 3799 veteranorum
1215 3746 1326 3799 manu

202 3844 344 3940 perdita
371 3845 591 3943 accepisset.
620 3847 872 3922 Excruciabat
895 3857 1018 3922 ectum
1047 3849 1204 3923 animum
1232 3847 1324 3939 eius,

203 3968 278 4045 dics
305 3978 417 4067 atque
453 3979 592 4065 noctes,
623 3972 853 4048 incredibilis
882 3973 1165 4051 christianorum
1194 3973 1325 4047 ducum

204 4115 407 4187 successus,
418 4095 481 4193 qui
499 4103 575 4170 tam
593 4099 698 4173 brevi
717 4105 895 4196 tempore,
905 4106 972 4192 tot,
983 4122 1028 4173 11
1040 4099 1132 4174 tanti
1151 4098 1326 4174 momenti

203 4243 316 4305 arces,
334 4245 415 4296 curn
442 4245 517 4296 non
546 4223 683 4319 exigua
701 4222 896 4319 Vngariae
927 4223 1077 4298 ditionis
1103 4231 1223 4321 parte,
1241 4246 1325 4322 pro·

203 4346 390 4444 pemodum
409 4346 491 4423 sinc
511 4347 588 4424 ullo
606 4372 754 4424 suorum
774 4349 905 4425 damno
926 4358 1223 4448 recuperassent.

304 4471 413 4563 Quod
432 4496 478 4550 eo
497 4473 661 4570 gravius,
681 4475 948 4571 molestiusque
958 4473 1095 4550 Sinano
1117 4474 1324 4564 videbatur,

203 4599 294 4692 quod
312 4606 451 4672 1111111111
479 4620 629 4673 suorum
658 4600 800 4675 cladem
827 4599 1091 4698 propemodum
1120 4599 1324 4698 especulis

204 4723 380 4822 inspicere
398 4733 604 4821 cogeretur,
624 4748 693 4801 nec
711 4724 836 4819 ullam,
855 4726 903 4800 iis
923 4726 1192 4818 laborantibus,
1216 4748 1324 4824 opem

243 4879 359 4923 11111111,
368 4879 458 4921 nuuc.
467 4865 778 4922 arsrs-scareroass.
786 4880 851 4920 xvn
1175 4867 1192 4932 ”l
