3625 5534
475 433 528 508 42
866 459 913 510 1o.
935 459 1033 509 naon
1052 459 1201 511 nsaovn

477 633 665 727 maximis,
694 634 760 736 sed
789 633 898 710 etiam
927 634 1069 711 iactura
1097 634 1196 710 vitae
1225 634 1404 711 redimere
1432 657 1508 710 non
1528 635 1595 710 du-

474 759 603 836 bilant.

580 923 668 997 Nol.
687 923 793 999 Haec
807 924 963 1019 memini,
983 923 1126 1022 quando
1146 933 1256 1022 gesta
1275 933 1359 1000 sunt
1374 950 1383 1012 3
1401 925 1468 1001 sed
1487 927 1601 1003 omit

685 1050 730 1125 tit
748 1048 973 1149 Stephanum
993 1051 1149 1137 Tholdi,
1170 1061 1207 1127 et
1224 1053 1381 1150 Moysen
1414 1050 1598 1152 Szekely,

687 1199 838 1273 quorum
857 1176 1024 1270 oonsilio,
1044 1184 1081 1252 et
1091 1177 1227 1253 virtute
1247 1200 1308 1253 res
1328 1202 1373 1254 ea
1391 1180 1600 1278 praecipue

685 1303 891 1399 gestaluit,
912 1304 1009 1402 quod
1027 1313 1065 1379 et
1075 1305 1236 1380 carmine
1254 1305 1293 1380 in
1313 1303 1600 1406 Transylvania

684 1429 880 1505 celebravi.
905 1427 1098 1530 Greporias
1118 1429 1343 1530 Nupyfoloy.

931 1640 1134 1650 .-.---

793 1766 969 1902 onevu
998 1824 1269 1918 ovinuvn.

471 1981 550 2058 Cur
581 1983 724 2059 Tuscae
752 2011 879 2060 morsus
909 1987 1089 2060 Aaronem
1117 1989 1240 2060 consti
1268 1989 1341 2060 rial
1370 1984 1596 2086 Principum
1729 1981 1730 1992 ¹

944 2116 1107 2208 privare.

572 2271 819 2371 Posteaquam
848 2274 975 2349 Aaron
995 2275 1130 2373 adepto
1149 2274 1187 2349 in
1205 2273 1301 2348 huno
1319 2274 1462 2349 modum
1484 2273 1597 2350 Prin·

465 2400 608 2497 oipatn,
638 2399 860 2498 sublatoque
887 2403 994 2497 regni
1024 2403 1186 2492 aemulo,
1215 2400 1424 2475 liberiorem
1453 2399 1529 2474 iam
1551 2423 1597 2476 se

467 2525 604 2599 laetum
623 2523 734 2611 vidit,
755 2526 859 2600 adid
877 2527 1001 2602 statim
1021 2529 1179 2603 animum
1199 2526 1342 2618 adiecit,
1363 2525 1496 2623 quibus
1517 2550 1598 2602 ma·
1729 2613 1730 2618 Ἰ

454 2649 564 2724 rime
592 2650 791 2746 praesidiis
821 2653 993 2728 tutiorem
1022 2654 1096 2729 sibi
1112 2655 1358 2751 inposterum,
1387 2651 1596 2730 diuturnio-

465 2798 615 2874 remque
644 2786 885 2875 recuperatae
912 2779 1126 2876 provinciae
1153 2778 1428 2877 possessionem
1455 2777 1596 2854 redde·
1729 2795 1730 2868 j

466 2908 533 2977 ret.
555 2898 722 2977 Primum
735 2901 860 3001 itaque
879 2928 945 2980 eos
965 2905 1011 2980 rle
1030 2904 1149 2980 medio
1168 2904 1351 2980 tollendos
1367 2909 1482 2996 errat,
1503 2927 1597 3001 quo

463 3051 543 3104 rum
562 3029 803 3106 clandestinis
823 3033 977 3130 artibus,
997 3040 1108 3108 antea
1126 3035 1210 3108 looo
1229 3039 1350 3108 motus
1373 3031 1516 3124 fuerat,
1549 3055 1599 3106 ao
1729 3109 1730 3118 Ν

463 3154 502 3228 in
521 3155 567 3230 iis
587 3156 740 3232 Brutum
756 3157 958 3254 quemdam,
979 3159 1171 3258 Epirotam
1181 3158 1327 3256 quidem
1345 3157 1506 3248 natione,
1517 3155 1594 3232 sed

466 3280 528 3377 qui
546 3280 683 3375 ingenii
703 3282 876 3376 solertia,
895 3284 1177 3382 linguarumque
1196 3283 1424 3380 cognitione,
1442 3289 1481 3357 et
1500 3281 1594 3357 aliis

462 3404 611 3480 usitatis
641 3406 675 3479 ei
702 3407 804 3502 genti
824 3407 976 3500 artibus,
996 3409 1044 3484 ad
1062 3430 1219 3504 magnas
1238 3430 1329 3506 opes
1348 3415 1589 3506 pervenerat.

468 3527 551 3622 Quo
570 3530 679 3622 iaoto,
699 3530 828 3606 videns
848 3534 1069 3625 seomnium,
1089 3542 1126 3608 et
1145 3534 1252 3623 domi,
1272 3534 1420 3626 etloris,
1438 3531 1477 3606 in
1498 3534 1593 3608 aula

464 3656 684 3755 praesertim
712 3658 891 3750 Tareina,
920 3668 1073 3758 propter
1101 3661 1206 3736 Bruti
1233 3660 1370 3762 ipsius,
1399 3658 1460 3757 qni
1480 3655 1594 3734 Sina-

464 3806 551 3859 num
568 3783 679 3858 etiam
699 3784 909 3883 propinqua
938 3787 1130 3882 sanguinis
1149 3769 1402 3864 eoniunotione
1429 3785 1595 3880 attinge

463 3911 538 4004 bat,
556 3908 746 4006 indignam
764 3933 901 4006 neoem,
922 3913 1006 3989 odio
1026 3915 1251 4013 expositum,
1278 3912 1405 3989 valida
1422 3911 1594 4004 militnm,

464 4057 617 4134 quorum
645 4057 782 4131 magna
806 4061 895 4136 pars
924 4038 1178 4136 Transylvani
1207 4046 1332 4131 erant,
1362 4037 1514 4114 eohorte
1545 4057 1591 4112 se
1729 4113 1730 4132 ,

466 4160 643 4259 stipavit,
671 4162 725 4237 ita
752 4186 795 4238 se
821 4164 894 4239 iam
923 4188 1076 4262 gerens,
1105 4174 1145 4242 nt
1171 4165 1295 4264 palam
1324 4163 1593 4264 praeseferret,

462 4310 646 4387 nunquam
665 4288 823 4388 amplius
850 4291 889 4365 id
909 4314 950 4396 se
970 4292 1265 4382 commissurum,
1292 4296 1333 4366 ut
1351 4288 1525 4364 barbaris
1545 4289 1593 4366 il·

462 4414 511 4489 lis
538 4415 731 4513 gentibus,
762 4441 786 4492 a
810 4418 943 4517 quibus
962 4443 1078 4518 nuper
1096 4427 1171 4494 tam
1195 4417 1460 4497 oontumeliose
1478 4415 1590 4492 habi·

462 4547 523 4617 tus
541 4541 692 4634 fuisset,
721 4565 763 4618 se
782 4545 960 4622 erederet.
990 4545 1111 4622 Huius
1130 4547 1186 4621 rei
1200 4545 1304 4620 lama
1323 4540 1589 4619 Constantino·

463 4668 575 4764 polim
595 4669 759 4767 perlata,
790 4695 868 4746 oum
888 4671 984 4749 alios
1004 4693 1150 4768 omnes,
1183 4670 1244 4768 qui
1263 4669 1362 4770 apud
1381 4666 1589 4745 Caesarem
