3625 5534
469 569 1024 624 nunun.vno.nno.x.n.v11.
1244 550 1323 630 159
1448 569 1452 577 '

391 866 565 944 GAPVT
585 866 831 946 DECIMVM
858 869 1112 950 TERTIVM.

202 1051 257 1124 De
266 1046 422 1146 foedere
446 1044 673 1148 Sipicmccdi
702 1049 894 1147 Principia
926 1050 1217 1150 Tramyloom'oe
1244 1079 1325 1128 cam

504 1171 728 1271 Imperatore
756 1173 1016 1251 Romanensem.

308 1352 408 1428 Dum
426 1350 521 1426 hacc
538 1359 736 1447 geruntur,
758 1353 894 1450 Legati
904 1354 1090 1455 Principis
1100 1352 1327 1454 SigIsmundi

205 1477 390 1556 Viennam
418 1479 578 1576 profecti
605 1477 1010 1557 honorificentissimos
1029 1484 1174 1559 Mathia
1192 1483 1326 1560 Archi-

202 1605 292 1682 duce
310 1604 554 1702 excipiuntur,
574 1602 888 1700 acindePragam
907 1607 1054 1700 magnis
1073 1608 1208 1707 ubique
1223 1610 1326 1707 plan-

202 1730 306 1806 sibus
345 1728 581 1804 deducuntur.
615 1728 672 1804 Eo
710 1752 789 1805 cum
826 1732 1028 1819 venissent,
1070 1731 1158 1807 data
1195 1734 1327 1809 orandi

201 1857 320 1956 copia,
341 1856 467 1954 capita
495 1855 766 1954 postulatorum
785 1855 982 1955 Rodolpho
1011 1859 1236 1956 Imperatori
1258 1883 1326 1958 per

206 1981 432 2079 Gregorium
452 1979 632 2057 Oztkium
651 1990 911 2080 exposuerunt.
924 1983 1151 2059 lenovahac
1168 1985 1328 2081 augendi

202 2111 354 2208 Imperii
372 2109 429 2184 sui
449 2108 643 2184 occasione
662 2107 811 2183 nimium
830 2109 1002 2201 laetatus,
1021 2110 1208 2204 negotium
1228 2133 1323 2186 eom-
1374 2133 1378 2141 ’

201 2234 395 2332 ponendae
411 2234 517 2334 pacis
527 2233 592 2308 dat
601 2234 733 2309 Ioanni
742 2234 905 2311 Kutasio
922 2235 1112 2332 Episcopo
1129 2236 1324 2330 lauriensi,

202 2367 237 2435 ct
264 2359 390 2456 Regni
417 2357 636 2455 Hungariae
664 2355 911 2451 CancellarIo,
938 2356 1129 2457 Stephano
1156 2360 1321 2437 Zuchaio

202 2487 392 2586 Episcopo
411 2485 600 2576 Vaciensi,
621 2484 789 2560 Thomae
809 2485 974 2560 Erdtldio
994 2486 1118 2560 comiti
1145 2494 1324 2586 perpetuo

203 2613 336 2690 montis
356 2611 512 2704 Claudii,
529 2621 566 2687 ct
602 2611 814 2708 Regnorum
841 2611 1067 2705 Dalmatiae,
1095 2607 1272 2689 Oroatiae
1289 2623 1327 2689 et

203 2737 426 2814 Sclaveniac
445 2738 562 2829 Bano,
579 2736 738 2813 Nicolao
763 2735 874 2810 Palffi
904 2739 950 2812 de
968 2737 1107 2830 Erdlid,
1127 2734 1263 2814 Comici
1282 2763 1327 2813 ac

203 2861 407 2965 Capitaneo
436 2862 669 2954 Poscniensi,
707 2863 1089 2960 cubiculariorumque
1126 2863 1324 2959 Regalium

202 2989 397 3086 Magistro,
436 3010 482 3062 ae
508 3008 680 3084 supremo
718 2988 772 3061 cis
801 2986 1106 3062 Danubianarum
1131 2985 1324 3083 Vngariae

203 3116 361 3214 partium
380 3112 599 3212 Capitaneo,
620 3111 759 3188 Simoni
777 3112 954 3209 Forgaoh
972 3114 1089 3189 libero
1110 3114 1249 3188 Baroui
1274 3114 1321 3190 de

206 3238 346 3336 Gimes,
365 3249 404 3316 ct
420 3239 684 3316 Pinccrnarum
695 3239 891 3336 Regalium
901 3239 1097 3336 Magistro,
1108 3240 1325 3316 Ioanni-loo

203 3366 245 3442 dc
264 3367 486 3459 Kanahtza,
507 3365 743 3464 praesentiae
763 3365 908 3462 Regiae
936 3365 975 3440 in
994 3365 1146 3441 Iudiciis
1166 3366 1321 3443 Locum·

202 3495 349 3570 tenenti.
378 3492 450 3586 Hi,
469 3493 729 3592 praesentibus
757 3516 805 3568 ac
831 3493 1126 3588 suffragantibus
1152 3489 1319 3569 Caesare

203 3616 384 3718 Speciano
422 3619 613 3717 Episcopo
643 3615 896 3708 Cremonensi,
932 3619 1076 3694 Nuncio
1114 3619 1320 3717 apostolico
1445 3620 1451 3632 “

203 3754 239 3820 et
262 3745 532 3843 Hispaniarum
547 3743 669 3840 Regis
689 3751 847 3836 oratore,
886 3741 1086 3821 Guilielmo
1106 3744 1151 3818 de
1184 3742 1322 3821 Sancto

203 3869 402 3964 Clemente,
440 3879 478 3947 et
505 3869 623 3946 Paulo
643 3866 748 3946 Sixto
778 3869 980 3947 Trauchon
1003 3869 1123 3947 libero
1152 3869 1320 3960 Benene,

202 4007 236 4074 et
244 3999 440 4077 comitatus
451 3997 606 4097 Tyrclis
613 3996 1231 4094 Marschalchohaereditaric,post
1241 3993 1319 4069 lon-

200 4149 282 4221 gam
300 4125 510 4222 seriumque
519 4123 824 4222 disceptationem
839 4123 899 4198 his
910 4122 1178 4198 conditionibus
1187 4143 1318 4220 pacem

201 4251 387 4328 XXVIII.
398 4250 627 4326 dielanuarii
646 4251 912 4326 concluserunt
927 4247 1034 4340 Belli,
1040 4246 1219 4345 pacisque
1238 4268 1320 4321 cum

203 4376 380 4452 Barbarie
389 4375 573 4452 ineundae
600 4377 764 4452 rationes
776 4395 984 4450 communes
994 4378 1123 4448 sunto:
1139 4371 1321 4470 Transyl-

203 4505 310 4580 vania
329 4525 410 4580 cum
429 4502 620 4579 Moldavia
638 4511 675 4579 ct
692 4501 957 4600 Transalpina,
975 4498 1129 4575 inclusis
1142 4498 1252 4574 etiam
1269 4497 1319 4572 iis

203 4629 392 4728 Vngaliae
411 4629 592 4727 partibus,
611 4650 705 4726 quas
725 4639 836 4704 antea
862 4625 1041 4726 possedit,
1079 4621 1317 4720 sigismundo

204 4751 366 4854 Principi
384 4755 536 4851 eiusque
555 4754 731 4850 legitimis
741 4753 964 4830 haeredibus
982 4749 1176 4827 masculini
1194 4771 1319 4843 sexus,
