3625 5534
864 509 912 558 10.
932 509 1034 559 llldCIl
1053 509 1203 560 BAROVII

780 789 956 866 OAPVT
985 775 1282 869 SECVNDVM.

677 992 735 1064 De
763 989 865 1066 clade
897 989 1105 1063 Tuscorum
1133 991 1184 1064 ad
1210 984 1381 1065 Sirectem.

577 1169 707 1245 Annus
725 1169 839 1267 igitur
858 1171 1042 1266 agebatur
1070 1167 1308 1246 Christianae
1327 1171 1460 1246 salutis
1481 1169 1602 1245 1592.

470 1320 550 1373 oum
568 1295 747 1372 Hazonus
766 1298 890 1372 Bassa
908 1298 1114 1372 Boanensis
1134 1295 1270 1396 partim
1288 1305 1432 1396 suapte,
1451 1305 1601 1396 sponte,

471 1447 515 1499 ao
534 1422 724 1499 saeviendi
746 1425 783 1498 in
812 1421 1048 1499 Christianos
1068 1423 1289 1522 eupiditate,
1316 1424 1452 1522 partim
1479 1423 1602 1498 variis

470 1557 680 1625 nostrorum
700 1573 781 1624 oum
799 1549 837 1622 in
858 1546 1029 1640 Oroatia,
1054 1556 1130 1623 tum
1150 1549 1188 1623 in
1206 1548 1291 1656 ipsa
1310 1549 1421 1625 etiam
1439 1548 1601 1645 Hunga·

469 1674 829 1773 riairruptiouibus,
858 1699 903 1749 ao
932 1674 1192 1750 vexationibus
1220 1675 1406 1767 irritatus,
1437 1675 1602 1773 quinque

341 1867 348 1881 ,
469 1803 586 1878 millia
605 1825 651 1877 ex
671 1804 768 1878 omni
788 1826 935 1879 suorum
950 1825 1100 1878 numero
1117 1802 1253 1898 seligit,
1273 1809 1311 1878 et
1329 1826 1411 1878 eum
1428 1801 1476 1876 iis
1496 1801 1600 1877 Sise-

470 1953 551 2006 oum
571 1929 727 2005 obsidet.
756 1929 851 2004 Erat
879 1925 1046 2003 Siseoum
1065 1929 1103 2003 in
1128 1926 1329 2004 Solavonia
1357 1927 1455 2004 areis
1482 1924 1603 2003 muni-

469 2055 636 2131 tissimae
656 2055 796 2150 magis,
829 2077 939 2152 quam
958 2053 1112 2129 claustri
1130 2054 1293 2152 speeiem
1313 2053 1503 2146 obtinens,
1523 2060 1602 2128 tam

433 2172 436 2178 ’
470 2189 618 2277 nabrra,
639 2206 749 2279 quam
767 2189 849 2257 arte
869 2182 964 2256 bene
983 2182 1158 2256 munitum
1177 2237 1185 2273 ,
1206 2181 1264 2256 oui
1282 2181 1321 2255 id
1339 2179 1517 2279 temporis
1536 2202 1604 2255 no·

472 2308 568 2383 mine
588 2305 750 2382 Abbatis
771 2305 952 2382 Nioolaus
971 2307 1192 2383 Miskoleius
1216 2308 1347 2398 homo,
1376 2314 1414 2381 et
1432 2304 1603 2382 oonsiliis

472 2434 782 2531 oiruumspeotus,
805 2441 842 2507 et
861 2456 971 2507 manu
989 2434 1289 2531 promptissimus
1305 2439 1492 2530 praeerat.
1525 2429 1604 2508 Sed

472 2558 665 2654 Vioarius,
693 2569 733 2635 ut
751 2569 906 2649 vocant,
936 2559 1016 2634 eius
1035 2561 1168 2657 grandi
1198 2558 1355 2658 pecunia
1373 2559 1422 2633 ab
1441 2556 1603 2633 Hazono

470 2686 594 2760 Bassa
613 2693 827 2783 corruptus,
857 2707 924 2760 sex
944 2706 1082 2778 anuos,
1110 2687 1183 2780 iam
1203 2684 1361 2762 oonsilia
1388 2683 1604 2783 prodendae

472 2811 570 2887 areis
590 2832 715 2885 seeum
734 2811 965 2907 agitaverat,
992 2810 1225 2908 Bassamque
1253 2834 1298 2888 eo
1321 2819 1488 2908 tempore
1515 2832 1604 2884 exe·

474 2937 641 3034 quendae
670 2937 749 3011 eius
779 2937 834 3012 rei
858 2937 985 3033 gratia
1012 2945 1249 3014 evocaverat.
1280 2939 1319 3012 Is
1346 2943 1544 3035 postquam
1563 2933 1603 3008 vi

474 3086 595 3139 aroem
615 3086 657 3138 se
677 3086 812 3162 eapere
831 3086 946 3162 posse
964 3065 1158 3161 desperat,
1188 3061 1286 3139 datis
1304 3063 1353 3136 ad
1371 3060 1603 3160 praefectum

472 3188 592 3264 literis
612 3188 757 3283 magnis
776 3188 824 3261 ad
845 3188 1067 3264 deditionem
1087 3187 1278 3264 aroiseum
1293 3181 1402 3261 minis
1420 3185 1604 3276 hortatur,

474 3321 513 3389 et
530 3322 569 3387 ut
587 3311 736 3388 facilius
756 3337 838 3388 eam
856 3311 999 3388 Abbati
1017 3314 1255 3412 persuadeat,
1266 3312 1388 3389 omnia
1399 3311 1606 3386 secretiora

474 3439 546 3514 sibi
567 3438 646 3514 eius
666 3438 821 3514 eonsilia
839 3440 958 3536 probe
977 3446 1151 3514 constare
1169 3439 1367 3536 signifieat.
1393 3436 1527 3511 Abbas
1546 3460 1605 3512 oo-

472 3565 582 3642 miter
601 3565 774 3658 nuntium,
795 3565 1067 3664 diligenterque
1085 3566 1253 3663 quisnam
1268 3565 1302 3639 is
1312 3570 1425 3654 esset,
1444 3563 1508 3659 qui
1527 3571 1604 3638 sta·

468 3702 549 3768 tum
569 3692 783 3766 monasterii
803 3692 950 3768 Bassae
978 3692 1208 3789 significaret
1234 3693 1463 3788 interrogat,
1482 3689 1516 3764 i's
1536 3711 1604 3764 seu

474 3820 565 3912 fato,
585 3839 651 3892 seu
662 3817 818 3894 terroris
837 3807 1145 3917 ineutiendi'ipsis
1164 3817 1287 3894 studio
1301 3817 1441 3909 duetus,
1461 3814 1604 3892 Abbati

474 3967 559 4020 eum
579 3945 758 4020 assistere
788 3945 995 4043 signifieat,
1023 3946 1152 4045 p‘rooul
1182 3943 1292 4019 dubio
1312 3942 1503 4020 Viearium
1523 3941 1605 4016 eius

475 4070 643 4164 innuens,
664 4070 727 4168 qui
747 4073 880 4147 multos
899 4071 974 4146 iam
993 4094 1110 4146 annos
1135 4070 1363 4147 clancularia
1381 4093 1463 4146 oum
1482 4069 1607 4144 Bassa

476 4196 642 4290 consilia,
662 4196 715 4272 uti
734 4196 872 4272 dietum
891 4203 968 4290 est,
988 4197 1219 4293 agitaverat;
1248 4193 1382 4270 Abbas
1401 4215 1482 4267 eum
1502 4200 1609 4268 esset

478 4323 660 4416 altissimi,
680 4323 783 4400 iuxta
802 4324 1163 4421 moderatissimique
1183 4321 1330 4398 consilii
1347 4321 1476 4410 homo,
1497 4317 1608 4395 dissi-

477 4448 614 4525 mulato
643 4449 681 4524 in
708 4472 889 4546 praesens
916 4451 1065 4542 dolore,
1092 4452 1220 4546 legato
1249 4448 1417 4546 protinus
1446 4442 1610 4523 Turoioo

477 4600 600 4668 arma,
622 4577 834 4673 pecuniam,
856 4587 1116 4668 commeatum,
1143 4598 1359 4674 omnemque
1378 4573 1477 4648 areis
1496 4595 1611 4670 appa-

473 4710 592 4782 ratum
613 4703 782 4778 ostendit.
814 4705 868 4781 Eo
890 4705 1050 4797 nuntius,
1070 4725 1187 4804 supra
1208 4723 1317 4806 quam
1341 4699 1510 4802 ouiquam
1530 4721 1610 4774 ore·
