3625 5534
480 506 528 556 nn
547 505 718 558 anemo.
738 506 821 558 nnc.
850 507 885 556 x.
905 507 940 556 n.
961 507 1036 560 mu.
1259 487 1334 563 191

209 679 337 752 facere
365 702 439 754 uon
467 687 714 755 recusaturos.
752 677 941 776 Georgius
979 692 1169 780 comperta
1203 707 1337 781 magno

211 827 293 878 cum
313 804 423 878 animi
443 805 499 878 sui
519 805 658 897 dolore,
678 807 857 882 communi
875 813 1029 905 totaque
1058 833 1139 884 oum
1166 810 1336 885 selectio·

210 929 314 1003 ribus
343 928 498 1003 ducibus
525 931 755 1006 tormentarii
781 931 947 1029 pulveris
973 932 1118 1030 inopia,
1147 933 1337 1032 satiusque

211 1061 315 1129 ratus
347 1054 575 1129 incruentam
613 1055 826 1146 victoriam,
856 1080 963 1153 quam
991 1059 1205 1156 opulentam
1232 1084 1339 1161 prae·

213 1178 297 1253 dam
317 1178 484 1278 adipisci,
504 1187 666 1256 armatos
686 1203 751 1257 eos
770 1181 914 1257 relictis
932 1183 1204 1284 impedimentis
1231 1209 1337 1262 exce-

214 1304 301 1379 dere
330 1306 445 1380 iubet.
473 1306 518 1380 ld
545 1327 626 1382 cnm
654 1307 814 1382 Barbari
839 1316 1064 1400 recusarent,
1085 1316 1122 1385 et
1141 1333 1222 1387 eum
1240 1310 1338 1386 binis

214 1451 256 1504 sc
273 1430 390 1527 equis,
406 1453 451 1504 ac
469 1431 611 1528 aliquot
629 1431 798 1507 curribus
817 1433 982 1508 oneratis
1001 1457 1223 1511 excessuros
1231 1459 1339 1535 prae·

213 1555 416 1648 tenderent,
446 1557 614 1653 quamvis
641 1557 832 1650 militibus,
853 1581 1007 1657 quorum
1025 1559 1205 1657 plerique,
1234 1561 1334 1638 avidi

214 1683 387 1778 praedae,
407 1690 547 1780 quanta
563 1685 728 1781 pulveris
755 1667 912 1782 penuria
937 1685 1186 1780 laboraretur,
1215 1709 1335 1786 quove

216 1816 317 1884 esset
348 1810 386 1883 in
419 1809 583 1906 periculo
612 1831 696 1900 res,
733 1811 978 1907 ignorabant,
1016 1810 1078 1886 din
1114 1814 1337 1909 multumque

220 1935 506 2031 refragantibus,
544 1936 709 2010 assensit
735 1937 918 2012 Barbaris
947 1935 1155 2034 Georgius,
1183 1960 1339 2035 eumque

222 2037 315 2134 diem
336 2083 417 2135 cnm
436 2060 605 2157 sequenti
631 2068 739 2134 nocte
768 2061 861 2159 ipsis
890 2062 1085 2137 concessit
1113 2063 1176 2137 Illi
1204 2086 1338 2138 conva-

219 2185 311 2260 satis
342 2183 516 2282 pretiosis
546 2185 751 2282 quibusque
788 2187 913 2280 rebns,
948 2195 1101 2284 postero
1129 2186 1189 2261 die
1217 2211 1340 2262 arcem
1473 2243 1482 2258 .

220 2310 362 2404 dedunt,
391 2317 429 2383 et
456 2332 502 2383 ex
530 2317 721 2407 compacto
748 2333 822 2386 una
850 2335 931 2387 oum
959 2311 1194 2409 supellectili,
1229 2334 1339 2409 quarn

217 2459 340 2510 seeum
376 2435 537 2510 avehere
570 2443 786 2533 potuerunt,
822 2437 921 2512 salvi
957 2437 1100 2512 dimissi
1128 2445 1224 2513 sunt.
1263 2436 1339 2514 Sed

220 2583 300 2636 cum
317 2559 428 2634 liberi
445 2557 591 2656 pedites
610 2559 789 2656 praedam
808 2561 880 2634 sibi
909 2569 1075 2658 ereptam
1102 2561 1341 2658 indignaren-

216 2694 283 2776 tur,
302 2707 348 2760 ac
365 2683 519 2782 proinde
537 2683 611 2757 vim
621 2683 800 2759 Barbaris
820 2684 1041 2760 abeuntibus
1065 2686 1336 2780 minitarentur,

222 2809 410 2906 Georgius
428 2810 527 2900 Dux,
547 2831 593 2883 ue
612 2810 752 2886 violata
770 2810 843 2885 fide
871 2817 1017 2886 ceteros
1046 2811 1095 2885 ad
1119 2812 1341 2888 deditionem

221 2936 357 3012 arcium
375 2934 583 3010 faciendam
610 2934 877 3034 pertinaciores
904 2937 1097 3030 redderet,
1130 2939 1179 3012 ad
1198 2937 1342 3035 aliquot

221 3083 283 3137 eos
304 3060 487 3153 milliaria,
506 3061 623 3134 missa
640 3060 815 3136 mediocri
826 3084 946 3155 manu,
959 3061 1121 3154 deduxit,
1140 3071 1179 3137 et
1191 3064 1240 3138 ab
1252 3062 1351 3136 omni

222 3185 425 3284 prohibitos
444 3185 587 3279 iniuria,
607 3188 734 3261 saluos
762 3209 890 3261 omues
919 3186 1066 3261 dimisit.
1095 3186 1343 3263 Remanserat

221 3336 312 3390 unus
332 3337 379 3390 ex
396 3313 444 3388 iis
462 3312 588 3388 nescio
609 3335 679 3410 qno
699 3336 800 3406 casu,
820 3320 859 3387 et
889 3311 939 3387 ad
966 3310 1172 3409 Georgium
1200 3313 1339 3408 ductus,

223 3463 302 3515 cum
339 3439 516 3537 lacrymis
554 3460 635 3514 enm
654 3445 838 3532 oraverat,
856 3445 897 3512 ut
927 3439 975 3512 ad
1001 3438 1167 3537 reliquos
1195 3440 1344 3516 ducere·

222 3575 287 3642 tur.
308 3568 404 3643 Eum
422 3565 624 3642 Ladislaus
643 3565 867 3664 Pattantyus
887 3565 1080 3663 Vngarieo
1107 3566 1217 3664 pileo,
1243 3589 1291 3641 ne
1321 3590 1344 3640 a

222 3692 347 3768 liberis
375 3691 563 3789 peditibus
591 3697 875 3787 agnosceretur,
910 3691 1093 3784 indutum
1122 3691 1171 3765 ad
1198 3699 1342 3767 ceteros

222 3816 411 3893 Barbaros
447 3814 522 3890 iam
557 3836 781 3915 progressos
810 3812 972 3890 deduxit.
1009 3816 1050 3889 Is
1069 3835 1150 3888 curn
1168 3813 1261 3887 nihil
1279 3813 1342 3888 ha-

223 3943 335 4034 beret,
355 3961 427 4036 quo
446 3939 578 4016 salutis
597 3961 687 4015 suae
706 3939 899 4016 authorem
916 3944 1223 4032 remuneraretur,
1243 3938 1341 4014 datis

225 4069 364 4166 aliquot
381 4065 420 4140 in
437 4065 730 4165 praesentiarum
748 4063 916 4159 nummis,
935 4064 1034 4140 velle
1053 4086 1096 4139 se
1120 4063 1213 4139 dixit
1240 4063 1343 4164 Gyn-

224 4194 282 4269 lae
308 4191 365 4266 illi
393 4191 537 4288 gratias
564 4215 632 4288 pro
660 4191 842 4290 praestito
880 4189 976 4264 tanti
1011 4189 1185 4265 momenti
1220 4190 1343 4266 officio

226 4341 347 4416 agere,
367 4316 514 4414 quando
532 4317 709 4414 Vngaros
735 4315 951 4417 propediem
978 4313 1067 4390 illuc
1094 4313 1214 4393 ituros
1241 4323 1342 4391 certo

226 4443 344 4519 sciret.
366 4444 428 4518 Ita
445 4441 603 4541 Lippam
612 4441 731 4517 nostri
739 4441 820 4516 fere
831 4438 934 4514 nullo
953 4460 1035 4513 oum
1046 4439 1210 4538 periculo
1229 4462 1343 4536 nego-

226 4567 608 4668 tioverecuperavere,
619 4591 727 4665 quam
746 4566 906 4643 maiores
916 4571 1002 4640 ante
1011 4563 1143 4641 XLIV
1153 4589 1281 4660 annos,
1291 4567 1344 4642 in-

229 4697 324 4791 genti
343 4719 425 4771 eum
443 4695 618 4788 exercitu,
650 4695 786 4792 quippe
815 4692 879 4789 qui
906 4690 955 4766 ad
984 4698 1128 4766 centnm
1152 4692 1268 4768 millia
1286 4717 1343 4769 ar·
