3625 5534
473 477 552 559 208
882 502 931 560 ro.
951 504 1051 558 nncn
1068 504 1219 560 nasoon

479 702 625 779 quaque
642 686 885 777 properantes
904 681 942 754 in
961 690 1085 757 castra
1096 681 1281 779 Principis
1292 705 1435 758 venere.
1454 683 1513 758 Ibi
1532 681 1586 759 de·

477 809 634 884 liberato
653 805 724 880 iam
745 813 855 881 antea
866 806 1031 899 oonsilio,
1051 807 1248 906 missisque
1265 810 1407 884 nunciis
1421 807 1588 908 Principi,

452 939 455 944 '
479 933 690 1031 significant
715 955 756 1007 se
776 955 927 1029 operam
947 954 1050 1007 snam
1068 933 1214 1030 patriae
1232 955 1351 1031 usqne
1370 936 1419 1010 ad
1445 935 1588 1030 sangui·

480 1083 563 1135 nem
581 1066 794 1150 navaturos,
813 1058 921 1133 modo
940 1055 1165 1156 Principalis
1191 1057 1375 1136 Maiestas
1402 1062 1590 1159 pristinam

479 1185 572 1286 ipsis
591 1185 800 1261 libertatem
820 1184 1043 1260 restitueret.
1063 1184 1264 1261 Recnsavit
1282 1186 1320 1260 id
1328 1188 1483 1284 primum
1493 1187 1590 1261 Prin·

480 1334 580 1409 ceps,
601 1318 638 1385 et
656 1310 779 1385 missis
800 1310 847 1385 ad
868 1333 933 1386 eos
959 1308 1113 1403 nunciis,
1142 1332 1237 1385 nnuc
1256 1311 1374 1407 minis,
1403 1336 1497 1388 nunc
1515 1335 1589 1410 pre-

482 1438 586 1512 cibus
606 1461 628 1510 a
647 1436 837 1534 proposito
864 1458 929 1511 eos
954 1435 1317 1512 deterrere'conatus
1336 1446 1403 1512 est.
1423 1435 1590 1534 Augeba-

478 1572 536 1639 tur
556 1560 650 1636 enim
670 1560 905 1635 vehementer
917 1559 1107 1658 Princeps,
1127 1569 1165 1634 et
1183 1584 1257 1656 qua
1274 1561 1418 1638 ratione
1436 1562 1588 1652 hnicrei,

482 1713 528 1764 ex
537 1686 903 1785 quatantadisturbia
912 1685 1052 1761 oritura
1062 1685 1292 1778 videbantur,
1303 1695 1523 1780 occurreret,
1533 1711 1591 1761 an·

481 1814 546 1890 xia
561 1837 684 1890 secum
704 1812 969 1888 deliberatione
985 1811 1234 1908 disquirebat:
1254 1836 1339 1888 nam
1358 1813 1443 1888 hinc
1461 1813 1591 1888 bellom

481 1939 740 2037 grauissimum
761 1961 840 2013 cum
862 1935 1012 2029 Sinano,
1032 1945 1069 2012 et
1087 1938 1271 2014 universis
1284 1935 1462 2015 Caesaris
1482 1937 1593 2037 copiis

480 2065 655 2158 instabat,
680 2065 782 2139 illinc
802 2063 886 2139 odia
896 2061 1102 2137 nobilitatis
1121 2063 1399 2156 reformidabat,
1418 2086 1524 2161 quoe,
1543 2069 1593 2138 tot

480 2189 690 2289 privilegiis
699 2189 1010 2289 priorumRegum
1022 2196 1133 2285 atque
1144 2187 1358 2287 Principum
1366 2189 1515 2287 privari,
1525 2211 1594 2262 non

479 2321 626 2416 poterat
663 2339 736 2390 non
772 2311 1000 2410 iniquissime
1037 2313 1146 2389 ferre.
1184 2313 1353 2389 Tandem
1394 2313 1594 2390 Siculorum

479 2439 695 2540 pertinacia,
723 2439 973 2538 temporisque
1001 2440 1226 2515 necessitate
1256 2464 1397 2516 omnem
1416 2439 1595 2538 Principis
1642 2494 1650 2510 .

480 2568 706 2642 voluntatem
724 2567 902 2658 vincente,
931 2565 1062 2641 statuit
1079 2565 1117 2640 in
1130 2567 1423 2664 praesentiarum
1433 2565 1595 2642 redditae

481 2690 667 2766 libertatis
686 2689 865 2766 beneficio
894 2712 959 2765 eos
980 2691 1208 2785 demulcere,
1238 2702 1413 2793 capturus
1441 2695 1597 2790 inposte-

480 2841 558 2892 rum
586 2816 776 2892 consilinm
805 2839 850 2891 ex
879 2825 1055 2916 tempore,
1075 2825 1239 2915 quotam
1267 2819 1463 2912 nobilitati,
1492 2839 1596 2914 quam
1728 2878 1729 2881 a

481 2943 616 3021 Siculis
636 2945 897 3020 consuleretur.

934 3137 1147 3148 -ι--υ--η-

803 3371 978 3450 OAPVT
1012 3369 1280 3449 OCTAVVM.

480 3613 487 3623 .
527 3553 583 3628 Dc
602 3552 870 3626 conditionibus
888 3553 1069 3627 libertatis
1088 3580 1111 3626 o
1130 3549 1364 3652 Sipirrnundo
1385 3552 1556 3649 Principe

871 3676 1008 3755 Siculis
1026 3677 1201 3752 redditae.

588 3823 790 3922 Postquam
808 3823 922 3917 igitur
942 3822 987 3897 de
1006 3824 1181 3899 libertate
1199 3822 1389 3899 reddenda
1415 3823 1511 3897 inter
1530 3820 1596 3898 Or·

483 3952 587 4026 dines
600 3957 815 4025 conventum
826 3957 937 4042 esset,
958 3949 1002 4023 dc
1013 3949 1284 4024 conditionibus
1299 3950 1379 4024 cius
1400 3943 1598 4046 disceptari

482 4084 650 4174 coeptum
670 4083 737 4151 cst.
760 4073 875 4150 Siculi
895 4073 991 4149 enim
1009 4075 1092 4151 odio
1121 4074 1338 4168 nobilitatis,
1367 4096 1438 4171 quo
1465 4073 1598 4168 flagra·

480 4201 580 4292 bant,
602 4210 638 4276 ct
657 4201 780 4277 taedio
801 4200 1015 4298 gravismmi
1034 4199 1187 4292 servitii,
1206 4200 1244 4274 in
1264 4198 1361 4296 quod
1388 4200 1498 4298 culpa
1525 4195 1599 4294 qni-
1652 4274 1654 4277 ,

481 4325 562 4400 dem
591 4347 670 4420 sua,
700 4326 767 4401 sed
797 4335 834 4401 et
861 4325 1066 4402 nobilitatis
1096 4325 1234 4400 crudeli
1262 4325 1449 4401 dominatu
1467 4322 1599 4398 incide-

480 4459 574 4542 rant,
594 4449 685 4526 talia
704 4449 954 4549 postulabant,
975 4451 1108 4548 quibus
1127 4451 1319 4526 concessis
1338 4458 1453 4526 totum
1472 4447 1599 4522 nobili·

479 4575 569 4651 tatis
589 4577 752 4650 ordinem
780 4576 817 4651 in
846 4577 1047 4670 agrestium
1076 4578 1158 4654 iura
1185 4576 1351 4652 recidere
1378 4579 1600 4674 opporteret

482 4696 658 4790 Tandem,
680 4725 758 4775 cum
780 4701 839 4778 diu
859 4704 1082 4799 multumque
1108 4710 1263 4799 utraque
1283 4725 1371 4799 pars
1401 4701 1604 4798 disceptas·
