3625 5534
462 454 537 520 LIV
861 468 960 516 nncsr
976 452 1081 516 aluos
1097 449 1206 515 nunna

463 661 569 715 mone
589 637 826 712 demonstrat.
857 634 1047 725 Quomodo
1077 632 1173 707 enim
1195 634 1334 731 poterit
1352 655 1503 707 causam
1522 633 1597 706 ali·

464 787 572 863 quam
603 785 775 857 magnam
803 783 992 858 perorare,
1022 758 1167 834 scelera
1197 758 1379 857 supplicio
1408 761 1599 834 constrin·

462 915 565 990 gere,
586 890 831 965 innocentiam
850 888 1067 964 iudiciorum
1079 909 1206 986 poena
1220 886 1391 978 liberare,
1412 887 1601 983 languen-

463 1027 520 1094 tes
548 1017 596 1091 ad
624 1015 738 1091 decus
775 1016 1015 1106 inflammare,
1053 1022 1090 1089 et
1119 1037 1371 1112 quemcunque
1396 1014 1435 1088 in
1454 1014 1598 1089 animis

462 1153 598 1220 motum
618 1167 680 1219 res
700 1151 738 1219 et
757 1165 871 1218 causa
889 1142 1146 1242 postulaverit,
1170 1166 1253 1217 enm
1272 1141 1426 1217 dicendo
1446 1143 1508 1216 vel
1527 1165 1596 1216 ex·

463 1272 581 1347 citare
602 1271 661 1345 vel
690 1269 836 1360 sedare,
865 1270 897 1343 si
925 1269 1008 1344 iura
1027 1291 1118 1344 suae
1145 1268 1310 1343 civitatis
1327 1265 1595 1364 ignoraverit?

464 1397 548 1474 Erit
567 1397 664 1472 enim
682 1396 765 1470 sine
784 1396 995 1492 cognitione
1013 1374 1122 1470 huius
1145 1395 1335 1470 facultatis
1354 1394 1592 1493 peregrinus,

462 1521 612 1620 hospes,
640 1546 684 1597 ao
712 1523 858 1598 advena
885 1520 922 1597 in
951 1545 997 1597 ea
1024 1523 1159 1620 patria,
1196 1521 1233 1596 in
1261 1545 1334 1618 qua
1358 1521 1591 1620 praesidium

463 1647 667 1738 clientibus,
705 1671 813 1744 opem
832 1647 973 1740 amicis,
1003 1647 1145 1723 cunctis
1165 1647 1309 1722 civibus
1336 1647 1454 1722 lucem
1481 1647 1592 1742 inge·

462 1776 513 1850 nii
533 1799 578 1850 ac
597 1774 741 1849 consilii
760 1773 965 1873 porrigere,
994 1780 1032 1847 et
1050 1773 1158 1869 quasi
1177 1773 1289 1848 totins
1308 1774 1495 1850 oraculum
1515 1775 1591 1849 rei·

461 1900 632 2000 publicae
660 1921 745 1974 esse
774 1899 944 1974 debebat.
976 1898 1153 1974 Fremant
1180 1899 1269 1972 licet
1296 1919 1444 1973 omnes:
1464 1900 1590 1976 dicam

350 2027 358 2038 '
460 2037 583 2104 tamen
603 2027 699 2123 qnod
717 2028 846 2118 sentio,
875 2025 1189 2125 inrisprudentiae
1217 2025 1464 2122 cognitionem
1489 2028 1591 2104 adeo

461 2154 653 2231 facultatis
681 2153 881 2230 Oratoriae
919 2153 1097 2229 studiosis
1125 2175 1210 2227 esse
1247 2152 1508 2246 neeessariam,
1546 2164 1591 2230 ut

462 2279 566 2356 nulla
594 2278 773 2357 Oratoria
792 2276 984 2355 Ciceronis
1007 2283 1222 2378 praecepta,
1241 2276 1366 2354 nullae
1384 2278 1589 2371 orationes,
1614 2268 1629 2302 ⁶

462 2413 526 2480 aut
560 2405 667 2495 Livii,
706 2405 851 2496 Taciti,
888 2413 1169 2502 ceterorumque
1206 2412 1369 2480 veterum
1404 2406 1590 2484 historiae

462 2530 542 2605 sine
561 2529 780 2616 adminiculo
800 2528 881 2604 eius
899 2537 1000 2605 recte
1027 2529 1187 2627 intelligi
1205 2529 1351 2628 possint
1370 2531 1502 2608 nedum
1520 2555 1587 2631 pe-

463 2654 562 2729 nitus
580 2655 781 2755 introspici.

567 2781 620 2857 At
646 2781 742 2856 forte
771 2778 1024 2874 Grammatici,
1063 2780 1259 2874 Rhetores,
1293 2764 1445 2876 Poetae,
1473 2787 1587 2881 acii,

462 2907 595 3005 quibus
614 2905 802 3004 elegantia
819 2909 959 2985 latinae
987 2907 1140 3005 linguae
1159 2908 1262 2984 cordi
1279 2917 1348 3001 est,
1375 2909 1448 2986 hac
1466 2911 1584 2986 scien-

461 3033 515 3108 tia
533 3056 661 3109 carere
680 3040 863 3132 poterunt,
891 3057 939 3108 ex
959 3057 1042 3132 qna,
1063 3035 1174 3110 etiam
1193 3035 1226 3109 si
1245 3035 1370 3111 omnia
1390 3031 1585 3112 Ciceronis

462 3183 586 3259 opera,
604 3161 642 3235 in
662 3160 795 3258 quibus
825 3160 968 3236 demum
987 3160 1080 3236 solis
1099 3184 1190 3237 vera
1208 3185 1254 3237 ac
1272 3162 1393 3237 solida
1412 3161 1587 3240 consistit

461 3287 682 3383 eloquentia,
710 3287 894 3385 perirent:
915 3284 1034 3374 latina
1061 3295 1185 3363 tamen
1204 3287 1333 3385 lingua
1353 3288 1460 3387 quasi
1480 3297 1585 3387 post-

461 3411 600 3487 liminio
619 3413 656 3486 in
675 3410 858 3507 integrum
877 3411 1024 3487 restitui
1038 3433 1153 3511 posse
1170 3411 1364 3488 iudicatur.
1394 3415 1474 3488 lam
1493 3436 1584 3490 vero

460 3546 503 3614 nt
521 3562 568 3614 ex
586 3536 810 3614 umbraculis
822 3536 1046 3613 eruditorum
1065 3562 1111 3613 ao
1130 3537 1205 3612 otio
1225 3537 1391 3613 literario
1410 3539 1447 3612 in
1466 3538 1584 3614 solem

462 3686 507 3742 ac
524 3661 713 3763 pulverem
741 3663 936 3762 ipsamque
954 3663 1069 3740 aciem
1087 3665 1381 3763 progrediamur,
1410 3666 1493 3763 quis
1512 3667 1585 3743 erit

462 3788 551 3866 ordo
579 3785 731 3888 politiae
758 3795 834 3863 tam
862 3809 1034 3880 summus,
1064 3797 1128 3865 aut
1150 3796 1226 3865 tam
1244 3790 1401 3884 infimus,
1430 3792 1492 3889 qni
1508 3814 1583 3868 non

461 3915 533 3992 hac
551 3913 707 3991 scientia
725 3911 902 4009 indigeat,
922 3913 995 3989 nisi
1014 3937 1220 4013 quenquam
1238 3915 1472 4014 ignoratione
1489 3918 1583 3995 iuris

464 4040 636 4120 excusari
654 4060 880 4130 censeamus,
903 4039 1002 4135 quod
1020 4047 1185 4117 statuere
1203 4065 1274 4118 non
1293 4065 1500 4141 possumus.

570 4165 744 4265 Inprimis
763 4187 854 4241 sane
882 4164 1124 4265 principalem
1144 4169 1376 4266 majestatem
1404 4170 1511 4246 decet
1528 4171 1581 4246 le·

463 4314 530 4390 ges
549 4291 692 4391 patrias
711 4311 948 4388 cognoscere,
987 4289 1119 4387 quibus
1146 4300 1187 4368 ut
1212 4299 1328 4369 totum
1357 4293 1584 4393 reipublicae

463 4437 599 4515 corpus
628 4416 676 4496 ad
699 4417 818 4495 instar
855 4415 966 4517 periti
996 4412 1132 4492 Medici
1158 4420 1253 4497 tueri
1281 4445 1327 4498 ac
1349 4445 1490 4514 curare,
1527 4423 1584 4500 sio

463 4545 625 4642 seipsam
644 4545 826 4622 subiicere
845 4552 883 4620 et
902 4542 1059 4640 alligare
1077 4542 1197 4621 debet.
1218 4543 1284 4624 Sin
1303 4555 1427 4625 autem
1445 4574 1469 4625 a
1487 4571 1583 4625 sum·

463 4691 522 4748 mo
540 4671 660 4774 capite
688 4673 736 4749 ad
762 4672 940 4748 inferiora
969 4668 1210 4770 Reipublicae
1238 4675 1403 4753 membra
1431 4675 1581 4752 descen-
