3625 5534
514 491 591 568 222
926 512 975 562 ro.
997 507 1096 558 nucu
1116 505 1265 557 suuovu

512 695 552 764 ut
570 684 728 784 anrplius
748 681 923 760 Sinauum
941 689 1145 771 vereretur,
1174 704 1283 778 quem
1313 680 1397 778 ipse
1415 689 1556 780 putaret
1571 684 1615 758 lu·

513 792 683 910 gitnrum,
702 834 771 887 nec
790 831 946 908 usquam
965 806 1056 883 alibi
1077 830 1185 903 quam
1205 806 1244 878 in
1263 829 1350 881 aroc
1370 803 1570 904 Girgiovis,
1592 808 1618 879 si

512 946 634 1013 tamen
654 935 871 1011 manendum
906 913 1087 1024 censeret,
1116 932 1244 1029 copias
1263 931 1449 1031 Principis
1469 943 1618 1032 expecta·

511 1071 630 1138 turum
650 1082 744 1137 esse.
782 1061 841 1135 Ita
859 1057 1077 1134 Balthasari
1104 1056 1346 1132 Bornemisza
1377 1081 1457 1132 cum
1477 1058 1617 1132 Memhe·

511 1190 683 1286 te·Bego‚
703 1187 978 1262 Ianiozarorum
988 1183 1197 1278 Praefecto,
1219 1184 1450 1276 commissus,
1470 1185 1620 1259 lnarcen

513 1315 746 1410 Fogarasnm
765 1310 947 1387 abductus
968 1316 1035 1384 est.
1069 1310 1228 1384 Iuventa
1255 1309 1398 1383 suntin
1425 1332 1514 1384 arce
1544 1309 1620 1384 Ter·
1718 1398 1719 1429 Ν

512 1437 709 1538 govistana
739 1445 890 1536 praeter
920 1437 1108 1533 ingentem
1137 1434 1302 1533 pulveris
1331 1435 1554 1510 tormentarii
1574 1459 1621 1509 ee-

510 1575 744 1663 terorumque
771 1570 1039 1641 commeatuum
1068 1562 1224 1661 copiam,
1245 1561 1463 1638 XXXVIII
1486 1564 1622 1649 minora,

511 1701 668 1792 quatuor
687 1693 810 1768 iustae
832 1689 1095 1789 magnitudinis
1113 1696 1296 1764 tormenta
1314 1690 1462 1765 bellica.

1040 2002 1043 2006 s
1718 1952 1719 2025 ι

707 2085 882 2163 ouevv
911 2082 1161 2166 unoruvn
1188 2083 1447 2162 nnnurvu.

518 2265 579 2341 'De
594 2265 788 2352 Bolcoresto
808 2294 831 2339 a
845 2263 977 2338 Timete
997 2263 1146 2354 desorto,
1166 2265 1625 2364 anostrirquereerqreruto.
1718 2262 1719 2357 i

630 2443 837 2522 Secundum
847 2442 944 2519 hano
953 2444 1147 2521 victoriam
1158 2443 1350 2542 Princeps,
1360 2446 1516 2546 sepultis
1525 2451 1631 2544 poste-

521 2597 563 2648 ro
584 2571 642 2646 die
662 2568 960 2646 Christianorum
980 2570 1238 2664 cadaveribus,
1257 2572 1457 2670 missisque
1475 2570 1631 2648 trecentis
1718 2630 1719 2665 ,

523 2721 569 2775 ex
580 2696 677 2772 omni
686 2717 836 2771 numero
848 2695 997 2772 selectis
1008 2696 1204 2794 equitibus,
1224 2698 1287 2794 qui
1306 2706 1507 2775 extremum
1515 2720 1631 2794 agmen

523 2821 708 2921 carpendo
725 2819 911 2916 fugientes
931 2829 1215 2913 remorarentur,
1242 2831 1426 2899 tormenta
1445 2822 1630 2920 praemisit.
1718 2826 1719 2911 ξ

524 2947 599 3024 Sed
617 2937 698 3023 cum
717 2953 975 3022 antecursores
1004 2947 1052 3023 ad
1079 2947 1117 3020 id
1142 2946 1275 3022 delecti
1294 2948 1481 3046 fugientes
1500 2946 1632 3044 assequi

419 3126 421 3132 ·
522 3073 793 3172 nequivissent,
812 3072 970 3169 ipsemet
988 3096 1134 3170 quoque
1153 3096 1225 3148 non
1248 3074 1408 3173 amplius
1428 3075 1630 3152 tridnoTer·
1718 3068 1719 3139 ὲ

523 3201 660 3298 govisti
679 3208 851 3294 moratus,
872 3222 953 3274 oum
972 3198 1157 3276 universis
1171 3199 1290 3298 copiis
1301 3201 1547 3278 Bokorestum
1563 3223 1631 3276 ver-

524 3349 589 3402 sns
607 3327 679 3402 iter
696 3325 862 3401 intendit.
901 3326 1088 3402 Munierat
1116 3326 1210 3402 illud
1230 3324 1392 3402 Sinanns
1412 3329 1521 3426 longe
1539 3349 1632 3425 quam

525 3450 792 3548 Tergovistum
811 3451 1036 3549 diligentius,
1053 3454 1227 3551 omnique
1238 3462 1500 3531 tormentorum
1511 3463 1634 3529 eteom·

525 3586 709 3655 meatuum
728 3601 866 3675 genere
886 3579 940 3655 ita
957 3580 1198 3674 instruxerat,
1226 3587 1265 3656 nt
1295 3581 1396 3656 velut
1414 3583 1633 3680 praeeipuam

527 3705 640 3784 totius
660 3704 750 3780 belli
777 3728 901 3781 arcem
932 3706 1006 3780 sibi
1024 3706 1106 3782 fore
1134 3730 1206 3783 non
1236 3706 1433 3783 dubitaret.
1471 3707 1530 3783 Ad
1555 3709 1634 3782 baec

525 3830 780 3910 solertissimis
800 3831 912 3908 etiam
939 3832 1147 3930 quibusque
1173 3832 1350 3907 militibus
1371 3858 1418 3908 ex
1439 3835 1535 3910 omni
1550 3841 1633 3907 vete·
1718 3820 1719 3829 '

474 3985 479 3992 ·
525 3981 698 4034 ranorum
735 3958 1128 4057 praetorianorumque
1164 3983 1315 4035 numero
1352 3961 1489 4036 viritIm
1527 3955 1634 4036 adid

529 4108 672 4162 summa
691 4083 884 4184 diligentia
903 4085 1059 4162 delectis
1086 4086 1139 4161 ita
1159 4087 1397 4180 iustruxerat,
1416 4095 1458 4163 ut
1478 4089 1549 4164 boc
1565 4089 1634 4185 ipso

527 4210 640 4290 totius
659 4211 844 4288 exereitus
865 4214 1011 4308 robore,
1030 4213 1142 4288 facile
1162 4235 1305 4288 omnem
1316 4212 1478 4290 bostium
1487 4216 1560 4289 vim
1568 4233 1637 4312 pro·
1659 4291 1669 4302 ,

528 4337 672 4436 pulsari
707 4359 819 4436 posse
857 4361 930 4415 non
958 4337 1151 4412 diffideret.
1199 4337 1541 4429 verumenimvero,
1567 4337 1637 4412 Deo

530 4463 692 4562 propitio
713 4486 854 4540 omnem
874 4464 1090 4540 Barbaricis
1108 4461 1281 4541 hostibus
1299 4463 1493 4540 audaciam
1502 4467 1638 4539 miracu·

528 4586 612 4663 losa
629 4611 783 4687 prorsus
802 4591 947 4666 ratione
966 4590 1220 4684 adimentem
1236 4589 1393 4688 primum
1412 4590 1560 4667 ancae
1577 4589 1636 4664 Bo·
1718 4686 1719 4697 ,

531 4711 723 4812 korestini
749 4715 787 4791 in
824 4716 1013 4814 praesidio
1042 4715 1162 4791 relicti
1192 4724 1339 4814 captum
1367 4723 1446 4794 tam
1484 4715 1639 4793 celeriter
