3625 5534
469 450 547 526 200
874 473 922 524 ro.
944 471 1043 522 iinon
1061 471 1212 524 eunoun

465 648 612 724 fortiter
631 649 801 744 utrinque
819 647 964 739 fuisset,
983 646 1063 721 sole
1082 646 1121 720 in
1141 667 1313 724 occasum
1334 657 1509 746 vergente
1525 671 1581 724 uc·

467 797 516 849 va
533 774 695 873 peditum
715 773 933 850 nostratium
952 773 1054 848 acies
1071 772 1189 864 irruit,
1209 796 1256 848 ac
1273 773 1478 850 coniunctis
1509 797 1582 850 cum

465 899 524 992 iis,
552 899 614 996 qui
639 899 750 975 totius
770 897 843 973 diei
861 921 1024 996 pugnam
1042 898 1081 974 in
1100 898 1365 974 ardentissimo
1384 907 1491 974 aestu
1509 921 1581 976 sus·

470 1025 664 1114 tinuerant,
695 1025 834 1100 viribus
867 1025 1011 1099 hostem
1032 1024 1226 1099 confestim
1243 1031 1353 1122 terga
1369 1025 1463 1100 dare
1481 1025 1581 1122 cogit.

470 1153 614 1227 Instant
632 1150 858 1246 fugientibus
877 1151 1006 1242 nostri,
1026 1157 1064 1225 et
1081 1149 1332 1248 compluribus
1351 1171 1475 1226 eorum
1485 1149 1583 1225 truci-

471 1275 580 1366 datis,
600 1282 757 1373 quatuor
776 1298 894 1352 aenea
911 1283 1096 1350 tormenta
1106 1298 1187 1349 cum
1197 1275 1341 1371 aliquot
1349 1274 1467 1370 signis
1478 1276 1582 1348 iuter·

470 1399 620 1496 cipiunt,
631 1399 727 1474 inter
740 1423 835 1497 quae
845 1401 915 1476 luit
925 1407 964 1474 et
971 1399 1089 1474 viride
1105 1399 1288 1497 quoddam
1299 1399 1484 1492 vexillum,
1495 1397 1584 1496 quod

470 1523 1585 1622 MahumetisProletaefuisseipsicredebantbouiqueominis

471 1646 595 1742 gratia
613 1647 651 1721 in
671 1645 816 1723 bellicis
836 1648 1133 1747 expeditionibus
1152 1649 1388 1724 circumferre
1414 1650 1585 1724 solebant
1709 1696 1714 1755 l

470 1773 577 1848 'Punc
602 1773 759 1871 ipsemet
793 1775 906 1850 etiam
933 1773 1094 1850 Sinanus
1130 1777 1319 1874 copiarum
1347 1775 1420 1850 dux
1447 1776 1486 1848 in
1522 1796 1583 1850 eas

469 1896 539 1972 fuit
556 1897 729 1973 redactus
751 1899 955 1994 angustias,
977 1907 1018 1974 ut
1035 1900 1132 1974 inter
1150 1899 1365 1994 fugiendum
1384 1923 1406 1973 e
1423 1906 1534 1998 ponte
1550 1898 1585 1971 iu

470 2023 642 2120 paludem
663 2022 852 2122 delapsus,
872 2024 936 2097 vix
956 2024 1076 2099 asnis
1096 2032 1247 2122 ereptus
1265 2024 1304 2098 in
1335 2031 1460 2099 castra
1487 2023 1587 2099 redu·

472 2156 627 2223 ceretur.
647 2149 708 2224 Ita
726 2147 845 2246 pulsis
864 2147 902 2222 in
927 2155 1053 2224 castro
1071 2148 1265 2240 Barbaris,
1293 2156 1448 2224 ovantes
1474 2145 1587 2222 nostn

472 2297 517 2349 ac
536 2272 649 2347 divite
668 2272 810 2371 praeda
829 2272 951 2347 onusti
970 2272 1018 2347 ad
1046 2294 1134 2347 suos
1163 2295 1206 2348 se
1232 2295 1421 2371 recepere.
1449 2268 1587 2364 Quodsi

473 2398 687 2495 defatigatis
707 2398 847 2474 nostris
868 2421 988 2494 nopae
1007 2398 1138 2495 copiae
1148 2397 1431 2490 succurrissent,
1450 2419 1493 2471 eo
1511 2397 1588 2494 ipsc

474 2524 533 2598 die
561 2523 805 2621 proculdubio
845 2525 891 2599 de
929 2545 1069 2598 summo
1096 2546 1218 2598 rerum
1255 2523 1368 2598 statui
1400 2522 1589 2621 potuisset.

474 2648 634 2732 Emicuit
659 2648 698 2720 in
727 2671 772 2723 eo
799 2647 944 2745 praelio
971 2654 1121 2747 praeter
1149 2648 1245 2724 alios
1263 2647 1411 2723 Nicolai
1430 2645 1588 2746 Sennyei

473 2781 510 2848 ct
529 2769 676 2847 Alberti
695 2769 849 2871 Kiralyi
867 2774 986 2848 virtus
1006 2773 1149 2865 eximia,
1173 2773 1365 2848 victoriam
1384 2781 1590 2850 nostrorum

472 2898 679 2987 illustrans,
708 2919 788 2972 cum
817 2895 973 2973 aliorum
993 2896 1246 2996 complurium,
1274 2920 1474 2995 eorumque
1492 2897 1589 2973 nobi·

471 3023 697 3100 lissimorum
718 3023 925 3100 Turcarnm
942 3025 1088 3115 caedes,
1118 3032 1192 3099 tum
1221 3023 1335 3100 etiam
1361 3025 1481 3122 ipsius
1500 3023 1591 3099 Has·

471 3150 554 3225 soni
572 3151 717 3226 Bassae
745 3151 926 3226 interitus.
956 3152 1015 3224 lta
1043 3149 1159 3226 nostri
1185 3150 1366 3225 Barbaria
1393 3150 1591 3245 ingruenti·

472 3276 541 3349 bus
560 3273 599 3347 in
617 3273 720 3371 ipsas
741 3274 862 3348 avium
881 3275 1010 3348 fauces
1028 3280 1332 3364 retrocesserunt,
1350 3272 1476 3368 ibique
1489 3271 1589 3346 Prin·

471 3399 588 3495 cipem
618 3395 890 3492 sigismundum
920 3399 1091 3475 mandato
1120 3396 1199 3472 eius
1227 3404 1426 3495 expectare
1455 3404 1590 3473 statue·

471 3529 566 3596 runt.
587 3518 747 3596 Sinanus
767 3531 807 3597 ut
836 3528 1025 3620 acceptam
1052 3521 1105 3596 ibi
1131 3521 1370 3617 ignominiam
1397 3522 1589 3618 praeclaro

472 3645 598 3742 aliquo
617 3646 781 3722 facinore
800 3647 953 3741 elueret,
973 3646 1139 3722 Brailam
1169 3668 1302 3739 arcem,
1331 3646 1499 3722 ducentis
1526 3646 1591 3720 cir·

472 3771 564 3846 citer
582 3780 802 3864 nostrorum,
822 3773 941 3868 quiin
961 3771 1148 3870 praesidio
1168 3770 1328 3868 fuerant,
1346 3771 1482 3869 partim
1512 3793 1591 3845 cae·

476 3896 541 3988 sis,
561 3897 695 3994 partim
716 3897 845 3995 captis,
865 3905 1071 3995 recuperat,
1090 3896 1339 3994 atquerefieit.
1358 3894 1451 3971 Oum
1470 3895 1592 3970 vindi-

473 4021 586 4096 midia
604 4021 782 4118 praesidii
800 4043 889 4120 pars
910 4022 947 4096 in
967 4032 1093 4098 casua
1117 4021 1313 4128 Michaelis
1343 4020 1538 4118 chvodae
1557 4027 1593 4095 et

422 4201 427 4210 .
474 4143 618 4220 Alberti
640 4146 794 4243 Kiralyi
812 4147 921 4221 solua
940 4147 1135 4223 evasisset.
1165 4145 1333 4222 Fuerunt
1350 4146 1389 4220 in
1406 4143 1592 4243 praesidio

473 4270 552 4344 eius
586 4270 682 4345 arcis
714 4294 786 4368 qua
814 4271 970 4369 pedites,
1001 4295 1073 4370 qua
1098 4273 1242 4370 equites
1268 4271 1416 4347 circiter
1439 4270 1489 4346 ad
1507 4293 1593 4367 qua·

474 4394 698 4491 dringentos.

927 4591 966 4600 -.-
972 4591 1129 4604 w-——q
