3625 5534
1252 431 1273 470 0

476 517 524 566 nn
543 519 625 568 nnn.
647 519 731 568 vnc.
753 517 835 568 nuto.
857 519 892 569 x.
914 519 947 570 n.
967 519 1028 568 vn.
1247 499 1324 575 165

201 721 249 770 ex
268 704 422 771 senatus
434 695 601 772 consulto
612 693 659 767 ad
670 693 817 770 XVIII.
839 693 935 769 diem
955 691 1096 792 Aprilis
1114 691 1325 772 Albam-lu-

200 823 288 899 lium
309 831 528 899 conventum
546 819 690 896 indixit.
712 821 859 894 Etcum
873 819 1047 894 mandato
1056 819 1240 920 Principis
1251 823 1323 897 lre·

200 950 435 1048 quentissimi
447 948 611 1026 Ordines
632 946 909 1038 confluxissent,
928 946 1045 1023 voluit
1053 945 1232 1046 Princeps
1243 972 1322 1024 cer·

200 1079 250 1154 tis
268 1077 316 1153 de
335 1075 457 1152 causis
477 1073 667 1152 consilium
687 1073 724 1147 in
752 1073 918 1148 interiori
946 1097 1033 1149 arce
1055 1073 1197 1150 baberi.
1215 1074 1321 1152 Post·

201 1229 312 1304 quam
330 1203 444 1300 igitur
462 1201 514 1278 ibi
543 1222 758 1286 convenere,
777 1197 958 1298 Princeps
985 1199 1100 1275 misso
1129 1198 1320 1299 Stephano

200 1333 341 1410 stika
359 1332 482 1432 capita
500 1329 777 1406 deliberationis
805 1328 933 1405 ordine
960 1330 1163 1427 proposuit,
1192 1336 1230 1406 et
1247 1329 1320 1406 col-

199 1461 287 1535 latis
308 1458 500 1548 sententiis
518 1478 584 1534 eos
603 1455 649 1530 de
667 1456 847 1531 communi
873 1454 1006 1548 salute,
1041 1457 1227 1554 rebusque
1246 1481 1319 1534 our-

201 1589 311 1663 uibus
339 1585 387 1660 ad
417 1582 694 1660 deliberandum
722 1582 936 1680 propositis,
970 1583 1069 1660 serio
1107 1571 1352 1661 consultare

200 1713 319 1790 iussit.
341 1710 503 1789 Ordines
521 1709 762 1807 igiturRegni
778 1716 866 1809 post
884 1709 1092 1786 diuturnam
1111 1710 1319 1809 seriumque

200 1839 393 1916 multorum
412 1835 552 1912 dierum
572 1835 888 1934 disceptationem,
917 1834 1064 1912 mudem
1083 1835 1154 1913 hos
1186 1837 1318 1912 articu-

197 1966 255 2042 los
273 1964 423 2064 publico
443 1985 624 2039 consensu
643 1963 825 2052 decretos,
845 1962 893 2038 ad
902 1961 1111 2062 Principem
1125 1964 1317 2058 miseruut,

198 2115 336 2190 eosque
364 2090 588 2167 authoritate
608 2090 686 2166 eius
706 2087 975 2165 confirmandos
994 2097 1181 2165 curarunt.
1202 2131 1252 2142 -
1273 2091 1317 2166 Iu

197 2219 242 2294 iis
260 2216 472 2312 intelligere
490 2237 532 2290 se
551 2214 731 2314 imprimis
741 2214 854 2306 aiunt,
866 2213 1079 2312 Principem
1088 2221 1175 2313 post
1182 2215 1317 2290 factam

197 2343 357 2421 unanimi
377 2341 784 2418 cousensuaBarbaris
803 2342 1057 2433 defectionem,
1071 2364 1116 2416 ca
1133 2348 1208 2416 tum
1218 2341 1318 2434 solli,

198 2469 358 2547 citudiue
375 2475 451 2544 tum
469 2490 558 2543 vero
586 2466 763 2542 felicitate
793 2490 917 2542 curam
938 2465 1158 2543 Provinciae
1175 2467 1315 2564 egisse·

197 2604 326 2674 utnon
344 2596 463 2672 solum
482 2617 564 2670 eam
583 2595 630 2668 ab
650 2591 847 2669 hostilibus
875 2592 1146 2669 incursionibus
1174 2599 1315 2669 sartam

197 2731 403 2819 tectamque
440 2719 687 2812 conservarit,
725 2719 794 2795 sed
830 2720 940 2796 etiam
978 2718 1133 2794 adiectis
1160 2719 1314 2818 imperio

199 2846 494 2948 Transylvauiae
523 2846 665 2923 duabus
693 2845 904 2945 provinciis,
930 2852 1044 2921 totam
1063 2843 1221 2921 Daciam
1239 2845 1313 2921 Dei

197 2972 374 3052 beneficio
392 2972 484 3050 iuris
503 2972 792 3073 Trausylvauici
811 2972 952 3048 lecerit.
966 2970 1062 3062 Quin
1083 2979 1120 3046 et
1153 2971 1313 3069 inposte-

198 3125 272 3179 rum
291 3101 330 3175 in
348 3099 388 3174 id
406 3123 448 3174 sc
468 3120 608 3175 summo
627 3097 751 3175 studio
762 3099 932 3198 omnique
944 3121 1060 3196 opera
1068 3098 1311 3174 incubiturum

198 3227 393 3327 promittat,
411 3235 452 3302 ut
470 3234 508 3302 et
535 3247 603 3302 suo
622 3224 755 3319 officio,
781 3225 820 3300 iu
848 3248 919 3323 quo
943 3223 1119 3300 divinitus
1138 3224 1310 3300 constitu-

195 3363 255 3431 tus
272 3361 386 3445 essct,
423 3361 460 3428 et
496 3352 644 3452 publico
664 3351 813 3427 Patriae
842 3349 1030 3427 commodo
1055 3349 1310 3427 satisfaceret:

199 3479 348 3582 proinde
367 3479 511 3577 gratias
531 3501 618 3555 sese
645 3479 728 3555 Deo
756 3479 893 3576 optimo
921 3478 1080 3552 maximo
1107 3501 1231 3573 agere,
1250 3478 1312 3575 qui

200 3616 318 3686 mutos
336 3607 375 3682 iu
392 3607 578 3683 curandae
588 3603 740 3682 Patriae
760 3604 880 3681 salute
898 3625 1093 3682 successus
1111 3603 1314 3701 Principali

198 3734 382 3812 Maiestati
403 3733 555 3827 dederit,
576 3732 803 3831 eundemque
832 3754 942 3806 orare
969 3738 1009 3806 ut
1035 3752 1146 3829 porro
1166 3750 1310 3825 quoque

199 3884 319 3937 omues
338 3861 419 3937 eius
437 3866 590 3936 conatus
610 3859 758 3955 dirigat,
770 3856 949 3955 imprimis
966 3857 1004 3930 iu
1024 3853 1137 3928 diviui
1155 3854 1311 3930 nominis

197 3989 360 4086 gloriam,
383 3986 513 4065 deiude
532 3986 569 4061 in
586 3984 737 4062 Patriae
772 3982 971 4060 communis
997 3981 1152 4055 salutem
1180 3988 1218 4054 et
1236 4003 1309 4054 am·

197 4114 462 4212 plilicatiouem,
482 4119 671 4211 postremo
698 4113 736 4186 in
754 4117 971 4210 perpetuam
997 4105 1044 4181 ad
1063 4128 1203 4181 omnem
1223 4127 1308 4204 pos·

195 4242 375 4318 teritatem
394 4240 550 4315 nominis
569 4239 737 4336 ungarici
756 4235 1072 4324 existimationem,
1091 4233 1308 4308 internecio·

195 4389 345 4466 nemque
396 4367 648 4466 professorum
686 4362 889 4442 Christiani
934 4359 1092 4437 nominis
1137 4359 1307 4434 hostium.

197 4491 299 4584 Quod
317 4493 514 4569 sollicitam
529 4493 608 4568 eius
629 4516 721 4589 erga
739 4492 895 4566 salutem
914 4486 1065 4562 Patriae
1082 4507 1207 4562 curam
1226 4485 1306 4560 atti·

197 4625 288 4710 neat
308 4619 401 4694 satis
421 4641 506 4695 sese
535 4641 616 4694 cam
634 4593 673 4695 ct
691 4624 801 4693 autea
820 4619 1043 4712 compertam
1061 4609 1249 4703 babuisse,
1269 4619 1307 4686 et

198 4743 387 4820 etiamnum
417 4743 630 4842 comperire,
659 4743 850 4838 Deumque
877 4737 1038 4839 precari,
1066 4744 1108 4814 ut
1133 4736 1306 4834 imposte·
