3625 5534
478 515 557 592 224
886 534 942 598 10,
953 532 1055 583 nucu
1073 531 1225 583 naucum

479 713 580 788 veris
599 709 737 803 mitrati,
757 714 1033 800 commeatuum,
1064 728 1259 797 armorum,
1282 705 1498 783 bellicarum
1517 715 1604 783 cete

479 859 676 935 rarumque
694 858 828 927 rerum,
847 856 943 931 quae
961 833 1063 908 bello
1083 833 1247 929 gerendo
1266 833 1348 910 usui
1368 856 1456 910 esse
1476 835 1603 924 solent,

480 965 624 1064 copiam
650 963 704 1040 ibi
728 961 876 1061 reperit,
906 960 1075 1057 quamvis
1103 959 1167 1034 uix
1196 960 1334 1056 exigua
1370 968 1502 1058 postea
1519 982 1603 1059 pars

477 1114 617 1183 earnm,
639 1087 872 1186 negligentia
901 1085 1042 1177 ducum,
1071 1084 1109 1159 in
1128 1083 1314 1183 Principis
1334 1086 1465 1161 liscum
1487 1109 1604 1162 arma·

479 1215 744 1293 mentariumvc
781 1210 935 1288 redacta
971 1210 1031 1286 sit.
1072 1211 1160 1286 Mor
1187 1208 1370 1308 Princeps
1410 1210 1603 1306 fugientem

481 1341 658 1420 Sinannm
686 1340 789 1417 nulla
816 1338 1038 1436 interposita
1056 1360 1161 1413 mora
1178 1336 1474 1437 persequendum
1493 1345 1604 1431 ratus,
1720 1320 1721 1329 Ν

482 1470 652 1548 maximis
670 1467 876 1558 itineribus,
897 1489 1039 1543 summa
1057 1467 1227 1543 cautione
1239 1466 1416 1559 adhibita,
1435 1489 1603 1563 persecu-

479 1604 545 1673 tus.
559 1603 627 1672 est.
657 1593 731 1670 Sed
750 1593 837 1691 quia
856 1591 1020 1670 Sinanus
1049 1616 1203 1686 omnem,
1231 1615 1304 1693 qua
1323 1595 1513 1692 profectus
1530 1595 1603 1667 tue-

479 1730 548 1817 rat,
567 1722 758 1818 regionem
769 1727 976 1812 exusserat,
995 1718 1214 1794 Bokoresto'
1231 1719 1278 1794 ad
1297 1719 1446 1794 laevam
1467 1719 1601 1813 relicto,
1720 1784 1721 1793 ,

480 1848 628 1924 diverso
647 1846 818 1924 aTurcis
835 1845 969 1922 itinera
984 1846 1112 1946 copias
1124 1869 1213 1921 suas
1222 1844 1406 1945 Princeps
1419 1848 1599 1923 ductabat.

666 2239 842 2319 curun
875 2235 1122 2362 auctuum
1149 2238 1424 2332 ovunuvu.

481 2427 539 2500 De
558 2437 764 2522 eaptcoroo
783 2420 909 2514 queo,
939 2422 1023 2495 item
1055 2419 1215 2495 castellis
1243 2419 1472 2521 Vilctposvdr,
1490 2425 1601 2518 Arod,
1720 2468 1721 2477 κ

669 2547 849 2639 Pactolo,
871 2543 965 2638 Siti,
985 2543 1196 2639 Soliomlceo,
1216 2559 1249 2620 et
1266 2550 1402 2622 ceteris.

588 2727 845 2804 Advolaverat
862 2725 936 2799 iam
954 2723 993 2798 in
1010 2725 1124 2799 urbes
1136 2725 1462 2838 Transylvanicas
1480 2730 1599 2807 laetis·

479 2859 573 2934 sima
582 2855 628 2932 de
637 2852 777 2964 iugatis
788 2847 954 2952 (Turcis)
966 2859 1148 2948 captoque
1168 2852 1394 2948 Tergovisto
1405 2855 1517 2950 fama,
1534 2882 1598 2955 pro
1720 2920 1721 2923 κ

480 3009 562 3084 qua,
573 2983 657 3060 dum
667 2979 816 3058 ordines
827 2999 967 3071 omnes,
986 2976 1444 3076 ardentesDeodomatim,
1455 2982 1599 3060 vicatim

479 3110 753 3210 oppidatimque
780 3105 924 3204 gratiam
952 3111 1077 3199 agunt,
1106 3111 1144 3178 et
1168 3105 1328 3196 maiores
1344 3105 1463 3204 ‚ipsae
1490 3111 1598 3186 mbes

476 3239 514 3312 in
542 3238 688 3334 signnm
714 3231 886 3332 publicae
914 3229 1081 3306 laetitiae
1117 3231 1309 3305 tormentis
1335 3232 1485 3310 bellicis
1510 3237 1599 3312 into·

478 3368 576 3456 nant,
597 3383 682 3437 ecoe
702 3361 798 3436 alter
816 3357 969 3434 nuncius
997 3357 1140 3456 pariter
1157 3356 1409 3434 faustissimus
1428 3361 1475 3436 de
1494 3371 1599 3462 capta

475 3511 563 3564 aree
582 3487 695 3563 Ienec
723 3485 955 3580 evangelium
983 3490 1167 3582 apportat.
1206 3481 1330 3583 Capta
1354 3488 1450 3561 enim
1468 3481 1597 3589 Lippa,

475 3614 637 3691 iusserat
655 3611 835 3708 Princeps
854 3607 1164 3703 Varadieusibus,
1195 3608 1259 3706 qui
1285 3610 1333 3685 ob
1362 3635 1440 3686 rem
1471 3614 1597 3691 adver-

477 3763 542 3817 sus
563 3739 746 3817 Tattaios
765 3736 971 3836 praeterita
988 3735 1122 3833 hyeme
1150 3736 1249 3811 male
1274 3744 1429 3833 gestam,
1456 3742 1598 3816 nomine

474 3865 737 3964 negligentiae,
766 3870 804 3939 et
831 3862 1017 3959 ignaviae,
1046 3861 1211 3939 nonnulli
1250 3863 1369 3939 etiam
1398 3865 1596 3962 primorum

473 3991 704 4092 proditionis,
723 3989 885 4089 pessime
904 3990 953 4065 ab
973 3989 1140 4064 omnibus
1159 3990 1239 4064 iere
1251 3989 1463 4084 audiebant,
1483 3993 1597 4070 iusse-

475 4124 535 4192 rat
556 4115 706 4215 inquam
724 4115 782 4208 iis,
802 4121 842 4188 ut
850 4093 1148 4211 Lugasiensibus
1167 4116 1349 4190 coniuncti
1365 4120 1597 4215 praeelamm

472 4241 621 4340 aliquod
647 4240 794 4316 virtutis
823 4239 1010 4339 specimen
1047 4241 1210 4316 ederent.
1249 4244 1310 4317 Ita
1353 4267 1395 4318 re
1433 4244 1471 4319 in
1500 4269 1596 4322 eom·

472 4391 579 4445 mune
598 4368 816 4461 deliberata,
836 4391 882 4444 ex
902 4366 1106 4468 composito
1118 4365 1306 4465 Georgius
1316 4369 1495 4468 Borbely,
1520 4371 1595 4448 Ste-

471 4495 633 4593 phanum
660 4494 807 4590 Bdkes,
836 4493 980 4571 Bannm
998 4495 1281 4591 Lugasiensem,
1309 4519 1391 4572 eum
1409 4499 1511 4574 mille
1530 4501 1596 4574 oir-

472 4621 565 4697 citer
591 4622 727 4720 partim
757 4607 966 4721 equitibus,
1000 4622 1138 4721 partim
1165 4620 1353 4720 peditibus
1380 4623 1496 4715 misit,
1536 4624 1596 4722 qui

472 4753 669 4843 antequam
690 4731 971 4824 Varadinenses
990 4747 1121 4848 copiae
1141 4749 1309 4841 afferent,
1330 4751 1594 4826 commeatibus
