3625 5534
476 485 503 559 4
872 508 920 556 ιο.
941 507 1042 558 nucu
1061 507 1210 558 nuruum

476 681 613 757 illustri
625 684 792 781 quodam,
813 674 1033 779 semperque
1044 682 1219 757 duraturo
1239 689 1471 759 monumento
1484 689 1612 756 aeter·

477 807 585 882 nitati
604 815 884 898 consecrarent,
904 807 1060 904 proinde
1079 805 1345 905 sapientissimi
1363 806 1439 898 illi,
1467 829 1516 880 ac
1535 803 1611 880 Oe·

482 934 671 1010 leberrimi
690 935 905 1031 Principes,
925 934 1098 1009 solebant
1121 933 1208 1008 olim
1227 933 1492 1008 consuetudine
1515 955 1613 1008 nun·

476 1083 584 1156 quam
613 1061 707 1136 satis
736 1060 906 1152 laudata,
935 1082 1009 1151 non
1036 1082 1166 1152 unum,
1195 1068 1308 1157 atque
1335 1058 1511 1150 alterum,
1538 1057 1612 1134 sed

476 1189 685 1286 complures
706 1188 806 1263 viros
835 1186 1001 1262 eruditos
1021 1209 1147 1262 secum
1170 1187 1331 1279 habere,
1359 1185 1611 1284 honestisque

474 1313 672 1410 stipendiis
692 1316 803 1406 alere,
814 1322 855 1388 nt
873 1337 928 1405 ea,
950 1337 1045 1410 quae
1065 1314 1260 1411 praeclare
1279 1339 1303 1389 a
1321 1312 1399 1388 suis
1419 1311 1611 1411 Principi-

474 1438 544 1514 bus
564 1439 636 1537 ipsi
656 1439 827 1513 viderunt
846 1438 939 1532 geri,
957 1439 997 1511 in
1016 1437 1236 1515 adversaria
1259 1439 1472 1530 confestim,
1491 1439 1610 1512 tabu-

383 1551 385 1559 ’
473 1565 606 1662 lasqne
626 1573 758 1664 postea
777 1566 948 1664 publicas
967 1566 1066 1641 bona
1084 1565 1157 1641 fide
1175 1567 1370 1656 referrent,
1391 1554 1607 1663 quaecum

474 1711 589 1788 saepe
618 1715 759 1768 mecum
786 1692 1007 1788 cogitarem,
1046 1700 1083 1767 et
1111 1715 1288 1767 summam
1301 1691 1405 1766 ‘belli
1433 1689 1607 1765 Sinanici

473 1817 640 1893 historiis
660 1819 799 1894 nostris
819 1819 1022 1916 Vngariois
1043 1827 1210 1894 attexere
1230 1841 1397 1909 conarer,
1417 1817 1488 1908 diu,
1509 1816 1608 1890 mul·

472 1951 622 2040 tumque
649 1967 790 2018 mecum
820 1945 1072 2035 consideravi,
1101 1965 1299 2042 possemne
1326 1949 1424 2034 tuto,
1453 1964 1498 2016 ac
1519 1963 1607 2016 eum

472 2070 570 2146 bona
590 2079 676 2145 tuae
696 2068 919 2144 Serenitatis
948 2070 1075 2166 gratia
1093 2068 1260 2143 lahorem
1278 2067 1375 2142 hunc
1392 2065 1602 2165 suscipere.
1701 2066 1705 2072 ’

471 2195 565 2270 Mihi
584 2197 680 2272 enim
708 2197 857 2271 tametsi
885 2196 1056 2271 literatus
1084 2194 1292 2269 huiusmodi
1320 2193 1605 2269 lucubrationes

470 2322 640 2418 plerique
669 2321 877 2396 mortalium
905 2329 1157 2406 contemnant,
1186 2329 1310 2396 tamen
1328 2319 1510 2418 imprimis
1540 2345 1604 2395 ar·

472 2445 600 2539 dnum,
628 2447 951 2545 periculosumque
980 2448 1143 2538 videtur,
1172 2469 1233 2521 res
1254 2455 1385 2544 gestas
1413 2447 1599 2521 scribere.

470 2568 634 2647 Primum
654 2572 752 2670 quod
770 2574 869 2647 facta
889 2573 999 2647 dictis
1018 2573 1262 2669 exaequanda
1281 2580 1377 2663 snnt,
1397 2571 1496 2670 qnod
1515 2595 1603 2647 cum

470 2697 580 2772 laude
598 2707 803 2796 praestare,
824 2722 897 2772 non
916 2701 1084 2794 vulgaris
1103 2723 1250 2797 semper
1269 2699 1409 2795 ingenii
1428 2699 1602 2773 habitum

470 2831 538 2897 est.
559 2825 705 2928 Deinde
726 2825 813 2922 quia
832 2825 1010 2923 plerique,
1030 2849 1126 2921 quae
1141 2826 1278 2900 delicta
1296 2823 1601 2923 reprehenderis,

470 2947 742 3041 malevolentia,
763 2960 801 3026 et
817 2952 960 3026 invidia
979 2952 1080 3027 dicta
1098 2961 1252 3050 putant:
1271 2952 1335 3026 ubi
1354 2951 1510 3024 virtutes
1530 2949 1602 3023 ali·

469 3098 623 3170 quorum
653 3077 885 3170 laudaveris,
914 3077 1171 3167 velificationi,
1199 3086 1238 3152 et
1256 3075 1505 3152 assentationi
1533 3077 1601 3150 tri-

468 3199 584 3276 buunt
603 3202 788 3277 :adhaec
808 3202 845 3276 in
866 3209 940 3277 tam
960 3203 1132 3293 mirabili,
1153 3203 1352 3278 invidiosa=
1374 3201 1600 3296 tragicoque

467 3327 635 3420 materia,
655 3329 776 3423 qualis
795 3329 889 3402 haec
908 3329 988 3403 fuit.
1006 3329 1192 3403 Maximae
1208 3337 1329 3402 autem
1350 3326 1598 3420 difficultatis,

468 3451 689 3548 maximique
706 3453 830 3528 iudicii
851 3462 920 3544 est,
940 3455 993 3529 ita
1012 3454 1205 3529 historiam
1225 3463 1445 3543 contexere,
1464 3463 1505 3528 nt
1523 3475 1598 3528 nec

466 3585 594 3672 partes
612 3576 718 3674 ipsae
737 3579 985 3669 offendantur,
1012 3588 1049 3653 ot
1076 3581 1161 3677 ipsa
1180 3591 1421 3655 sacrosancta
1450 3579 1597 3655 veritas

467 3701 645 3778 inviolata
663 3705 874 3801 posteritati
894 3706 1073 3781 tradatur.
1094 3707 1239 3797 Quibus
1250 3706 1419 3796 accessit,
1441 3695 1596 3779 et'haec

466 3827 764 3922 incommoditas,
795 3832 855 3904 vel
874 3832 1093 3930 praecipua,
1113 3833 1305 3929 quodego
1324 3828 1454 3929 procul
1474 3854 1498 3902 a
1518 3829 1594 3906 Re-

464 3955 550 4052 pub.
570 3955 782 4030 nemoribus
803 3957 992 4032 Musarum
1012 3959 1172 4050 abditus,
1193 3966 1230 4033 et
1249 3979 1323 4032 non
1337 3956 1486 4053 exiguis
1504 3977 1594 4053 pro-

466 4080 720 4176 pagandarum
740 4082 787 4155 ad
807 4106 914 4158 seros
934 4093 1090 4182 nepotes
1111 4084 1319 4158 liberalium
1335 4085 1468 4156 artium
1485 4082 1594 4155 laho-

465 4205 567 4282 ribus
590 4217 799 4306 occupatus,
822 4210 892 4301 vix,
914 4234 959 4284 ac
976 4234 1023 4284 ne
1043 4209 1106 4285 vix
1126 4209 1271 4307 quidem
1282 4205 1473 4306 potuerim,
1493 4205 1594 4282 citra

466 4329 643 4422 delectus,
662 4333 781 4430 ipsam
801 4359 941 4413 rerum.
972 4345 1081 4433 prout
1098 4344 1230 4431 gestae
1251 4341 1355 4424 suut,
1384 4331 1519 4406 seriem
1538 4333 1592 4406 ab

465 4453 672 4532 homiuibus
684 4461 902 4554 quibusdam
921 4463 1095 4559 politicis,
1118 4463 1180 4556 qui
1190 4461 1278 4534 mihi
1297 4460 1369 4533 hac
1388 4461 1424 4532 in
1446 4481 1485 4531 rs
1504 4459 1590 4531 usui

463 4581 639 4670 luissent,
668 4583 737 4656 rite
761 4609 999 4681 cognoscere.
1031 4587 1214 4683 imprimis
1245 4609 1334 4660 vero
1354 4586 1531 4658 maiorem
1550 4582 1592 4655 in

464 4705 608 4782 modum
629 4709 902 4787 extimescenda
923 4714 1010 4786 mihi
1038 4713 1108 4786 fuit
1135 4712 1342 4806 indignatio
1364 4721 1449 4784 tuae
1478 4707 1589 4783 Sere·
