3625 5534
652 447 692 514 ds
712 447 853 516 nusum.
909 485 916 496 ·
1211 451 1317 515 LXIX

213 628 295 728 apud
311 627 517 720 Hebraeos,
546 651 653 725 quam
674 629 772 728 apud
801 651 868 705 nos
893 630 1046 706 eandem
1065 656 1160 730 pene
1179 633 1319 727 signifi-

213 755 374 830 ostionem
393 752 593 829 obtineant.
632 755 778 830 Deinde
807 763 886 830 utut
905 756 999 830 baec
1017 756 1109 831 nihil
1138 757 1186 833 ad
1209 757 1318 832 huius

211 881 425 956 literatmae
445 880 794 956 commendationem
813 881 966 974 iaciant,
987 887 1109 957 lamen
1135 882 1318 957 honestis·

211 1005 321 1079 simum
339 1025 486 1101 semper
517 1004 681 1080 habitum
699 1013 758 1078 est
776 1027 1070 1102 unamquamque
1089 1015 1234 1102 gentem
1254 1029 1317 1104 pe·

211 1131 322 1204 onliari
339 1129 551 1204 Literatura
578 1130 631 1204 uti
660 1153 704 1204 ac
730 1129 813 1204 t'rni.
843 1129 1023 1206 Videmus
1051 1131 1147 1207 enim
1171 1133 1316 1229 paucis-

211 1256 307 1328 simas
325 1274 409 1328 esse
428 1262 570 1348 gentes,
590 1253 730 1350 alioqui
758 1254 937 1331 civilitate
957 1263 993 1330 et
1011 1257 1176 1353 potentia
1194 1258 1315 1331 excel·

210 1381 320 1470 lentes,
346 1401 442 1474 qnae
469 1378 720 1475 peculiaribus
749 1379 888 1454 Literis
916 1380 1065 1475 linguas
1083 1402 1174 1456 suas
1192 1382 1312 1478 expri-

210 1527 294 1578 mere
309 1510 483 1600 possent:
503 1526 588 1577 nam
617 1509 717 1578 certe
744 1526 813 1578 neo
831 1501 930 1595 Itali,
959 1526 1029 1578 neo
1052 1505 1227 1601 Hispani,
1246 1528 1316 1580 nec

211 1625 308 1717 Galli,
322 1651 389 1702 nec
419 1624 600 1702 Germani
627 1627 800 1724 proprios
820 1628 959 1704 habent
978 1628 1228 1717 characteres,
1247 1629 1316 1704 sed

209 1773 318 1826 eorum
336 1753 551 1849 populorum
578 1751 722 1842 literae,
750 1774 797 1826 ex
816 1753 934 1828 latina
961 1753 1109 1849 lingua,
1138 1761 1313 1851 tanquam

209 1879 304 1966 iontc,
322 1883 597 1973 promanarunt.
619 1873 758 1950 Graeci
786 1876 931 1973 quidem
943 1878 1093 1973 gloriati
1111 1885 1249 1954 suntse
1267 1904 1315 1956 ex

209 1997 389 2075 Phoenicia
407 2000 536 2075 literas
563 1999 802 2097 nescioquas
829 2001 1010 2091 attulisse,
1039 2002 1136 2077 alias
1161 2026 1250 2078 vero
1266 2027 1314 2079 ex

209 2145 323 2218 gruum
341 2124 463 2199 volatu
491 2125 739 2220 excogitasse,
766 2126 805 2198 in
824 2147 990 2223 eumque,
1019 2149 1128 2223 quem
1145 2150 1243 2202 nunc
1261 2130 1313 2202 vi-

210 2247 320 2322 demus
346 2248 519 2338 ordinem,
544 2248 762 2345 digessisse.
789 2246 899 2323 Vnde
926 2273 999 2326 non
1019 2251 1243 2326 erubescunt
1260 2253 1314 2327 in·

211 2374 396 2449 rectionem
417 2373 685 2472 Philosophiae
706 2382 817 2472 atque
837 2375 955 2452 omnis
973 2376 1150 2452 scientiae
1167 2385 1206 2452 et
1223 2379 1316 2453 anti-

209 2498 340 2593 quitatis
367 2501 441 2576 sibi
469 2523 669 2596 arrogare:
690 2501 758 2576 sed
785 2502 846 2576 vcl
874 2497 946 2576 bae
974 2502 1080 2600 ipsae
1100 2502 1232 2578 literae
1250 2527 1314 2580 uo·

210 2631 298 2700 strae
313 2627 459 2702 fabulas
472 2648 596 2702 eorum
608 2625 754 2702 abunde
772 2627 946 2716 refutant,
966 2627 1134 2702 accertis
1153 2627 1315 2704 testimo

211 2747 270 2822 niis
295 2750 541 2828 demonstrant
576 2751 766 2826 Asiaticos
785 2749 948 2848 Scythas
976 2759 1014 2826 et
1031 2751 1255 2828 vetustiores
1273 2758 1311 2827 et

212 2876 328 2972 populo
342 2877 414 2952 Dei
425 2877 538 2974 louge
547 2878 830 2977 propinquiores
841 2878 936 2977 ipsis
950 2878 1089 2953 fuisse:
1109 2879 1311 2954 literarum·

209 3020 268 3092 qne
284 3001 467 3078 scientiam
488 3009 525 3078 ct
536 3003 757 3108 sapientiam
776 3004 823 3078 ab
840 3003 1027 3078 Hebraeis
1045 3003 1094 3077 ad
1113 3003 1312 3091 Asiaticos,

209 3123 248 3196 sb
265 3124 315 3199 his
332 3126 378 3201 ad
408 3124 578 3203 Graecos
607 3128 750 3204 demum
778 3149 1032 3228 promanasse.
1061 3130 1143 3203 Iam
1171 3130 1313 3203 verosi

209 3247 258 3322 rel
273 3273 450 3328 numerum
480 3253 670 3329 literarum
690 3261 902 3330 nostrarum
921 3261 1082 3352 spectes,
1101 3276 1227 3329 omnes
1246 3254 1313 3328 ali-

209 3395 296 3448 arum
312 3377 471 3472 gentium
506 3378 742 3454 characteres
780 3387 980 3477 superant3
999 3379 1059 3453 vel
1087 3377 1314 3474 elegantiam

210 3500 413 3595 consideres,
432 3500 546 3578 nullis
565 3512 665 3580 certe
693 3512 903 3580 exterorum
923 3504 1115 3579 elementis
1134 3504 1240 3579 cedit.
1269 3507 1313 3580 In

208 3620 265 3698 boc
282 3651 360 3704 vcro
379 3630 512 3704 literae
541 3638 692 3706 nostrae
721 3631 878 3710 aliarum
896 3629 1061 3726 gentium
1087 3629 1217 3707 literas
1235 3629 1313 3704 lon·

207 3745 256 3837 gis
279 3753 380 3828 etiam
409 3755 636 3852 parasangis
664 3761 852 3854 superant,
890 3753 992 3851 quod
1012 3761 1050 3828 et
1069 3752 1149 3828 sine
1168 3755 1313 3851 punctis

210 3875 418 3970 scribuntur,
449 3884 486 3953 et
513 3881 836 3976 pronunciationes
865 3900 994 3953 omues
1021 3883 1174 3986 nostrae
1196 3877 1310 3953 multo

208 4019 297 4092 quam
313 4003 469 4078 aliarum
497 4005 683 4080 nationum
711 4005 843 4080 literae
861 4002 1064 4102 perfectius
1092 3999 1311 4098 exprimunt,

207 4129 236 4196 et
251 4125 396 4226 denique
424 4127 502 4202 illis
529 4130 698 4206 omnibus
726 4129 873 4206 facilius
902 4128 1151 4205 addiscuntur.
1190 4121 1309 4200 Grae-

207 4270 280 4342 cum,
298 4252 518 4346 Hebraeum,
533 4255 706 4331 Latinam
724 4255 889 4348 linguam
908 4261 987 4328 toto
1006 4251 1105 4326 vitae
1129 4251 1311 4328 curriculo

206 4374 254 4448 rix
286 4379 514 4456 mediocriter
551 4380 745 4456 addiscere
783 4399 1005 4478 possumus:
1037 4373 1310 4461 Germanicam,

207 4496 379 4600 Gallicam,
399 4505 642 4604 Hispanicum
662 4504 877 4582 difficillime
891 4502 1102 4594 imbibimus,
1122 4510 1160 4576 et
1177 4501 1226 4577 ad
1243 4523 1310 4575 eas

206 4643 242 4698 ex
268 4635 342 4708 arte
377 4630 623 4712 addiscendas
661 4641 699 4711 et
729 4629 989 4737 percipiendas
1025 4625 1148 4702 multis
1184 4625 1302 4718 libris,
