3625 5534
485 443 560 522 198
912 465 959 513 1o.
979 462 1080 513 rison
1098 459 1249 512 aasovu

482 643 672 740 egregium
691 639 917 717 fortitudinis
937 638 1123 737 specimen
1149 639 1189 713 in
1207 661 1251 715 eo
1280 638 1450 717 conflictu
1477 639 1591 716 edide-

481 775 551 862 rat,
570 791 649 845 cum
669 767 768 843 mille
787 766 938 843 selectis
956 766 1101 842 circiter
1121 765 1306 861 equitibus
1325 766 1372 841 ad
1391 766 1590 867 diripienda

483 895 688 972 Turcarum
716 901 842 969 castra
869 893 923 967 ire
952 892 1070 968 iussit.
1100 888 1175 966 Sed
1203 890 1353 968 'l'urcae
1379 894 1512 991 panico
1530 895 1595 970 iam

482 1029 592 1098 antea
610 1027 755 1096 terrore
776 1018 1015 1109 consternati,
1034 1038 1108 1091 nou
1127 1018 1595 1117 expectatisuostrisprae

483 1145 584 1244 cipiti
611 1147 701 1242 fuga
728 1147 885 1220 salutem
920 1142 991 1218 sibi
1020 1143 1277 1241 quaesierunt,
1324 1142 1466 1220 relictis
1504 1141 1594 1219 000

483 1273 630 1348 circiter
667 1270 843 1362 camelis,
877 1268 1084 1366 ceterisque
1112 1269 1381 1367 impedimentis
1425 1271 1596 1350 omnibus.

483 1420 578 1495 quae
596 1397 714 1472 nostri
731 1420 799 1494 per
818 1395 931 1472 otium
955 1402 1088 1492 postea
1107 1394 1346 1492 diripuerunt.
1375 1392 1498 1494 Capta
1524 1397 1596 1492 sig·

481 1546 532 1597 na
559 1521 691 1618 viginti
721 1529 875 1619 septem,
909 1526 1091 1595 tormenta
1126 1517 1259 1614 viginti
1296 1541 1439 1595 novem.
1478 1517 1594 1597 (laesa

482 1648 642 1745 quinque
662 1645 776 1720 millia
787 1644 967 1718 hostium:
990 1644 1178 1741 complura
1187 1651 1307 1742 capta,
1327 1668 1406 1720 cum
1425 1669 1448 1721 e
1466 1646 1596 1723 uostris

482 1794 554 1847 uon
589 1771 694 1847 multi
731 1769 805 1846 Dei
835 1767 1017 1844 beneficio
1046 1793 1090 1845 eo
1109 1769 1252 1866 praelio
1289 1770 1491 1848 desiderati
1516 1773 1598 1848 luis·
1715 1776 1717 1869 ',

483 1902 574 1974 'sent
594 1894 727 1973 Actum
746 1895 821 1971 hoc
838 1901 897 1970 est
916 1894 1041 1970 XXV.
1060 1894 1148 1968 Iulii
1167 1895 1295 1970 nostri.

590 2024 815 2097 Invenerunt
834 2020 872 2094 iu
891 2042 978 2095 arce
999 2016 1189 2095 Graneusi
1215 2021 1335 2096 nostri
1353 2020 1446 2098 duas
1465 2023 1601 2100 subter·

482 2169 615 2224 raucas
633 2146 762 2237 oellas,
793 2143 1061 2242 semiputribus
1080 2143 1331 2220 Barbarorum
1361 2145 1600 2224 cadaveribus
1719 2176 1720 2181 ¹

483 2275 675 2372 oppletas,
714 2294 809 2368 quae
847 2269 930 2343 ideo
969 2268 1117 2345 Turcae
1145 2271 1441 2362 occultaverant,
1475 2271 1602 2348 nevel

482 2405 656 2496 aspectus
694 2418 820 2472 eorum
857 2397 992 2471 ceteris
1028 2392 1276 2487 formidinem,
1305 2397 1367 2472 vel
1393 2399 1597 2476 teterrimus
1721 2408 1722 2415 '

482 2525 573 2599 odor
590 2525 811 2622 pestilentos
832 2523 937 2598 sanis
956 2521 1105 2597 morbos
1125 2521 1375 2599 conciliarent.
1393 2524 1529 2600 Incidit
1545 2523 1601 2599 de
1722 2514 1723 2521 ‘

483 2649 574 2724 ditio
604 2646 782 2744 Strigonii
809 2647 847 2721 in
876 2648 971 2721 diem
1001 2644 1194 2739 Sabbathi,
1221 2655 1419 2746 postquam
1446 2649 1600 2748 integris
1724 2740 1725 2745 Ἰ

484 2775 642 2872 quinque
662 2774 881 2870 septimanis
911 2773 1093 2848 acerrima
1121 2773 1201 2847 eius
1224 2775 1453 2871 oppugnatio
1482 2777 1602 2852 duras·

484 2906 551 2975 set.
600 2897 759 2974 Proinde
797 2896 1004 2996 exportatis
1040 2919 1107 2994 per
1144 2902 1318 2992 agrestes
1354 2899 1604 2990 cadaveribus

483 3025 724 3122 omnibusque
755 3023 848 3100 locis
877 3022 1116 3118 expurgatis,
1148 3029 1299 3119 postero
1333 3022 1392 3099 die
1411 3026 1601 3102 Dominieo

486 3174 610 3228 arcem
628 3150 750 3227 nostri
768 3148 932 3246 ingressi
943 3144 1061 3222 Sacra
1078 3147 1131 3221 ibi
1150 3147 1398 3241 celebravere,
1418 3158 1456 3225 et
1474 3152 1601 3228 arden·

488 3282 547 3350 tes
584 3273 695 3350 DEO
717 3273 867 3369 Optimo
904 3272 1068 3348 Maximo
1106 3273 1250 3368 gratias
1277 3274 1484 3350 coniunctis
1513 3274 1605 3351 votis

486 3421 609 3494 egere.
629 3401 688 3473 Ita
706 3404 792 3494 post
816 3395 1159 3493 quinquagesimum
1186 3398 1334 3472 tandem
1362 3423 1496 3476 annum
1516 3398 1603 3476 Bar·

486 3522 589 3598 baris
610 3520 838 3618 strigonium
857 3545 938 3597 cum
957 3522 1300 3598 circumiacentibus
1318 3524 1460 3622 aliquot
1477 3526 1604 3602 castel·

485 3648 533 3724 lis
561 3647 770 3745 ademptum
799 3655 865 3722 est.
896 3644 1054 3745 Captum
1082 3647 1179 3722 enim
1206 3648 1329 3724 fuerat
1356 3673 1380 3724 a
1406 3648 1604 3748 Solymano

366 3779 374 3794 '
485 3772 592 3849 Anno
612 3769 753 3848 Salutis
773 3772 919 3848 circiter
938 3774 1226 3869 quadragesimo
1246 3775 1373 3870 quinto
1392 3797 1508 3874 supra
1524 3777 1600 3852 mil·

484 3900 650 3974 lesimum
671 3905 708 3972 et
729 3897 1070 3994 quingentesimum,
1094 3905 1291 3996 postquam
1318 3899 1413 3976 irato
1443 3899 1605 3997 Vugaris

481 4022 625 4098 numine
654 4021 776 4096 omnia
804 4029 964 4118 tyranno
983 4046 1030 4098 ex
1050 4023 1163 4099 animi
1182 4024 1368 4100 sententia
1385 4027 1598 4102 manaseas

944 4351 1149 4362 .—---—-—
