3625 5534
441 372 493 449 88
867 397 918 448 ιο.
938 395 1039 446 nncn
1058 395 1207 448 nnaovn

441 593 584 663 nonum,
622 595 732 668 quam
768 572 806 645 in
828 569 1034 645 'Parcarum
1074 578 1297 669 potestatem
1326 574 1579 672 pervenisset,

444 689 588 787 annum,
606 720 751 772 rursum
770 694 996 771 Christianis
1024 704 1092 787 est,
1122 697 1304 793 singulari
1329 698 1403 772 Dei
1430 699 1575 772 benefi-

445 823 514 915 cio,
533 822 751 898 restitutum.
774 821 879 913 Quae
898 845 968 896 arx
995 823 1089 896 tanti
1116 822 1185 897 fuit
1213 823 1395 915 momenti,
1415 835 1457 900 ut
1478 831 1583 900 totus

444 950 509 1024 ille
526 955 709 1024 terrarum
727 954 869 1023 tractus
888 947 936 1021 ad
956 945 1188 1040 Oassoviam,
1208 945 1437 1049 Scepusium,
1458 959 1499 1025 et
1511 973 1583 1024 me-

444 1075 594 1152 tallicas
612 1074 736 1165 urbes,
765 1073 856 1164 auri,
893 1081 1005 1170 atque
1029 1072 1177 1169 argenti
1206 1082 1389 1172 proventu
1419 1076 1583 1165 nobiles,

447 1199 613 1301 oppidis,
642 1198 825 1297 pagisque
858 1200 1045 1295 frequens,
1083 1200 1191 1296 gravi
1217 1181 1420 1276 incolarum
1440 1199 1584 1277 incom-

447 1327 555 1402 modo
574 1323 757 1401 coutinuis
775 1324 863 1398 inde
883 1325 1089 1400 Turcarum
1110 1326 1399 1414 excursionibus,
1429 1325 1585 1402 latroci-

447 1453 594 1548 niisque
611 1449 781 1549 patuerit.
820 1448 959 1524 Audita
987 1449 1242 1526 Filekensium
1282 1451 1480 1546 deditione,
1523 1451 1586 1549 qui

451 1576 593 1654 Divinii
611 1583 727 1668 erant,
747 1575 934 1667 vetitius
954 1599 1018 1652 eos
1038 1577 1150 1652 ctiam
1168 1578 1298 1653 eadem
1322 1577 1412 1654 belli
1428 1580 1587 1656 fortuna

451 1708 611 1797 maneat,
631 1700 727 1777 clam
745 1723 833 1776 arce
846 1702 1038 1796 aggressi,
1058 1701 1106 1776 ad
1126 1723 1214 1778 suos
1234 1725 1286 1795 se,
1298 1703 1506 1801 quovisnm
1516 1703 1589 1778 fuit

451 1829 1127 1926 incolumesomnesreceperunt.1te
1154 1853 1223 1903 arx
1252 1830 1404 1927 egregie
1428 1829 1587 1922 munita

452 1978 581 2047 vacua,
610 1952 844 2049 desertaque,
871 1952 911 2027 in
938 1961 1160 2052 potestatem
1189 1978 1316 2032 eorum
1344 1956 1454 2032 veuit.
1485 1955 1588 2032 Hinc

454 2080 633 2159 attaliam
652 2100 785 2173 arcem,
805 2076 1080 2154 Ainaczkevum
1108 2077 1240 2155 incolis
1260 2081 1404 2168 dictam,
1432 2089 1589 2158 ventum
1727 2079 1728 2088 '

453 2207 649 2305 fataquae
669 2205 779 2281 etiam
797 2228 870 2280 non
891 2204 985 2280 adeo
1004 2227 1139 2302 magno
1150 2206 1279 2282 labore
1288 2206 1426 2282 tradita
1446 2208 1588 2282 eiseat.
1727 2257 1728 2296 ,

456 2331 549 2410 Cum
566 2332 624 2417 iis,
644 2332 708 2431 qui
727 2329 1100 2408 Somoskeoviensem
1129 2355 1252 2408 arcem
1276 2340 1412 2426 tenent,
1432 2333 1488 2408 ita
1503 2355 1591 2408 con·
1727 2373 1728 2426 ψ

456 2466 645 2551 venemnt,
663 2464 704 2534 ut
722 2457 831 2533 simul
850 2464 961 2554 atque
980 2457 1180 2534 Zechinum
1200 2467 1347 2557 captum
1365 2459 1413 2533 ab
1434 2458 1492 2533 eis
1512 2460 1592 2533 fue·
1727 2469 1728 2482 ¹

457 2582 517 2674 rit,
535 2583 660 2659 statim
677 2581 750 2681 ipsi
769 2604 913 2681 quoque
941 2605 1023 2658 eam
1050 2584 1267 2660 incolumem
1295 2607 1416 2660 arcem
1435 2583 1494 2658 sis
1514 2592 1592 2659 tra-

460 2707 560 2804 dant,
580 2716 691 2807 atque
709 2710 757 2785 ab
776 2708 874 2784 omni
891 2708 1036 2785 interea
1055 2710 1236 2787 maleficio
1248 2733 1295 2786 ex
1310 2710 1592 2786 eaabstineant.

917 2987 1122 2999 --——-—-—-

775 3207 953 3288 GAPV'P
982 3208 1278 3292 SECVNDVM.

467 3388 573 3482 Qacae
591 3391 749 3466 consuta
767 3387 932 3468 Sicanos
960 3393 1088 3468 cadite
1112 3392 1402 3468 Otrortooonon
1421 3417 1596 3466 sttcceestt

930 3521 1134 3612 agitaverit.

574 3709 782 3813 Antequam
820 3738 877 3809 ea,
916 3738 1010 3812 quae
1039 3716 1412 3805 commemoravimus,
1439 3713 1539 3790 hunc
1556 3714 1596 3788 in

466 3839 612 3918 modum
629 3839 789 3917 fuissent
806 3840 882 3916 Dei
901 3840 1081 3918 beneficio
1102 3839 1368 3932 administrata,
1388 3840 1462 3914 iam
1482 3845 1598 3914 antea

467 3961 627 4043 Sinanus
646 3965 693 4041 de
710 3965 1017 4060 hisVngarorum
1033 3966 1144 4042 rebus
1168 3965 1287 4062 gestia
1315 3965 1450 4041 certior
1461 3964 1597 4054 factus,

467 4113 550 4167 cum
566 4090 605 4166 in
621 4099 726 4168 tanta
744 4092 916 4168 fortunae
944 4089 1190 4175 inclinatione,
1231 4113 1302 4188 quo
1341 4111 1383 4165 se
1420 4095 1597 4178 verteret,

468 4240 542 4294 non
559 4217 711 4311 videret,
739 4218 789 4295 ad
807 4217 1018 4316 Principem
1045 4217 1138 4294 duos
1158 4240 1204 4293 ex
1228 4217 1305 4293 suis
1325 4212 1501 4292 Ohausiis
1520 4215 1598 4313 pri·

468 4364 552 4419 mae
569 4350 679 4420 notae
697 4343 865 4422 homines
885 4369 967 4423 eum
984 4345 1104 4421 literis
1122 4344 1243 4437 mittit,
1280 4343 1319 4418 in
1347 4341 1478 4440 quibos
1508 4340 1601 4416 scri·

469 4468 536 4562 bit,
555 4478 596 4548 at
613 4495 708 4550 nunc
726 4474 884 4568 tandem,
924 4473 1051 4572 quanti
1081 4471 1260 4549 Caesaris
1288 4469 1525 4546 Maiestatem
1543 4467 1599 4543 fa-

471 4596 556 4690 eiat,
574 4620 616 4672 re
634 4596 719 4698 ipsa
737 4600 919 4694 ostendat,
958 4597 1055 4700 quod
1075 4599 1127 4674 ita
1145 4600 1217 4688 fiet,
1248 4593 1451 4686 siinfestis
1471 4595 1600 4683 statim
