3625 5534
470 451 546 530 122
865 474 916 524 ro.
936 473 1035 522 nucu
1054 472 1203 524 nrnovn

467 659 614 727 ventum
643 672 834 748 peragere.
873 649 930 722 Eo
957 649 1022 723 ubi
1049 647 1170 722 cuncti
1199 647 1348 722 ordines
1367 667 1584 730 convenere,

469 779 648 876 Princeps
661 757 822 874 'primum
841 798 908 873 per
929 775 1193 872 Volffgangum
1213 772 1481 849 Koveciocinm
1501 791 1587 846 cau·

467 904 665 992 cellarium,
689 902 812 999 coepit
839 901 912 976 tria
939 902 1006 976 illa
1034 900 1156 1000 capita
1185 900 1321 1000 prioris
1341 899 1520 977 orationis
1539 898 1589 971 al-

466 1033 540 1108 tius
559 1053 786 1122 enumerare,
798 1037 835 1104 et
846 1028 1496 1128 propositnmdeseiscendiaancie
1507 1047 1588 1102 sen-

467 1158 536 1234 sim
572 1155 778 1232 bominibus
814 1154 1010 1230 inculcare.
1053 1152 1128 1230 Sed
1155 1178 1236 1230 cum
1264 1155 1590 1230 animadvertisset

466 1283 698 1361 cunctantius
712 1303 838 1356 omnes
854 1281 1002 1358 ordines
1032 1283 1110 1358 suis
1129 1282 1325 1382 postulatis
1352 1281 1588 1380 respondere.

468 1433 591 1488 eoram
610 1410 683 1485 sibi
701 1408 796 1483 hanc
815 1431 903 1499 rem,
932 1409 1104 1506 serioque
1133 1408 1317 1507 agendam
1344 1417 1459 1498 ratus,
1484 1409 1589 1484 fores

464 1538 758 1634 inconspectum
776 1533 995 1628 nobilitatis,
1016 1536 1167 1632 quaein
1196 1535 1369 1626 exterius,
1397 1535 1589 1632 maiusque

466 1661 575 1739 aulae
612 1660 789 1761 palatium
827 1669 1030 1738 convocate
1069 1664 1209 1754 luerat,
1248 1662 1438 1761 praesenti
1466 1662 1587 1737 animo

467 1786 612 1886 prodiit,
632 1794 670 1862 et
687 1786 881 1862 universos
910 1787 948 1861 in
976 1788 1187 1863 nonnionem
1215 1787 1417 1878 evocando,
1437 1787 1587 1862 circnm-

471 1914 657 1990 stantibus
669 1913 800 1988 dextm
811 1914 992 2008 laevaque
1003 1911 1390 1989 summisconsiliariis.
1401 1908 1589 2010 Stephano

465 2050 503 2117 et
519 2038 742 2115 Balthasare
761 2037 974 2126 Bathoreis,
986 2036 1200 2113 Alexandro
1221 2044 1259 2112 et
1273 2037 1475 2112 Franciscc
1487 2037 1588 2112 Ken-

465 2168 547 2258 diis,
581 2165 785 2241 Francisco
814 2161 982 2254 Gesztio,
1011 2161 1200 2263 Stephano
1229 2162 1438 2254 Bochkaio,
1469 2162 1584 2239 Volli-

342 2352 345 2356 Α
464 2313 589 2392 gango
609 2291 849 2383 Kovaciocio,
861 2288 1061 2366 Pancratio
1084 2286 1280 2389 Sennyeio‚
1293 2287 1586 2386 GeorgioVass,

333 2506 341 2520 „
465 2427 504 2495 et
520 2418 666 2513 ceteris,
687 2440 780 2515 quos
800 2439 927 2493 omnes
946 2439 1143 2492 recensere
1163 2437 1236 2490 non
1256 2423 1314 2490 est
1323 2415 1586 2509 necessarium,

405 2561 413 2572 ·
465 2545 665 2620 orationem
685 2567 827 2620 summa
846 2567 927 2619 cum
947 2543 1105 2618 omnium
1125 2543 1328 2618 attentione
1346 2543 1458 2618 talem
1477 2565 1585 2618 exor-
1730 2613 1731 2618 Ν

464 2693 528 2745 sus
548 2678 624 2746 est:
648 2672 733 2748 Non
752 2694 832 2745 sum
851 2671 969 2767 inquit
996 2671 1155 2768 nescius,
1184 2693 1370 2770 proceres,
1399 2671 1581 2767 quomodo

464 2821 531 2889 me,
549 2805 679 2874 tenera
707 2798 956 2895 imbecillique
986 2805 1111 2874 aetate
1139 2821 1221 2873 mea
1248 2821 1481 2895 nequaqnam
1501 2821 1586 2874 con·

465 2932 614 3022 tempta,
634 2925 672 2999 in
691 2923 899 3024 Principem
919 2924 1029 3001 huius
1047 2925 1259 3024 provinciae
1287 2925 1488 3023 elegeritis,
1517 2925 1588 3002 hoc

465 3050 705 3149 proculdubio
724 3051 808 3143 line,
826 3057 867 3125 nt
885 3049 1104 3125 charissima
1120 3050 1312 3150 provincia
1337 3059 1465 3128 nostra
1483 3051 1586 3128 fideli

464 3179 742 3272 gubernatione,
771 3202 815 3253 ac
843 3177 1129 3272 diligentissima
1156 3177 1472 3254 administratione
1490 3203 1584 3262 mea,
1726 3237 1730 3254 .

464 3310 591 3378 contra
605 3311 661 3378 tot
678 3311 936 3401 tantorumque
956 3304 1114 3379 bostium
1142 3304 1310 3396 insultus,
1339 3314 1443 3379 sarta
1468 3312 1585 3380 teota-

463 3451 533 3526 que
553 3438 845 3505 conservaretur.
867 3431 911 3506 Id
930 3453 988 3506 me
1016 3453 1161 3530 semper
1188 3431 1365 3507 habuisse
1391 3430 1585 3531 propositi,

462 3577 507 3628 ae
524 3557 721 3633 etiamnum
739 3558 890 3647 habere,
909 3564 1029 3632 testor
1047 3558 1167 3656 ipsum
1180 3559 1309 3648 Deum,
1329 3556 1432 3633 cuins
1460 3557 1585 3654 gratia

462 3704 507 3755 ac
525 3683 690 3758 bonitate
709 3684 854 3758 tetiam
874 3707 991 3760 annos
1011 3684 1272 3779 gnbemaculis
1299 3682 1407 3760 huius
1434 3683 1584 3783 provin-

459 3807 544 3883 ciae
561 3807 721 3884 fideliter
736 3809 947 3908 praesideo.
1003 3809 1330 3886 Veromenimvero
1357 3831 1426 3909 pro
1445 3833 1491 3884 ea
1509 3831 1582 3906 ego

462 3957 560 4028 cura,
581 3958 625 4010 ac
644 3934 904 4028 sollicitudine,
926 3958 1035 4033 quam
1053 3959 1145 4032 erga
1171 3937 1332 4036 patriam
1360 3935 1441 4010 dies
1470 3942 1583 4032 atque

462 4069 592 4137 noctes
614 4085 715 4158 gero,
735 4085 781 4137 ex
801 4063 936 4156 multis,
955 4063 1076 4159 iisque
1095 4061 1312 4139 certissimis
1332 4059 1477 4138 indiciis
1496 4083 1582 4156 cog-

461 4188 558 4280 novi,
578 4208 704 4262 omnes
723 4187 972 4264 Barbarorum
992 4197 1156 4280 conatos,
1176 4183 1285 4287 atque
1294 4187 1584 4298 machinationes

463 4312 501 4388 in
529 4313 748 4389 deletionem
779 4314 923 4410 patriae
941 4322 1092 4394 nostrae
1110 4315 1275 4412 regionis
1293 4315 1466 4391 tendere:
1486 4315 1584 4412 qnod

462 4439 516 4514 ita
534 4448 709 4516 statutum
729 4463 824 4522 esse,
844 4465 889 4516 ac
907 4441 1115 4519 firmissime
1125 4444 1174 4517 ab
1183 4444 1238 4518 eis
1248 4443 1445 4536 decretum,
1454 4464 1582 4518 omnes

459 4565 533 4640 sibi
554 4575 628 4642 tam
648 4574 749 4642 certo
768 4570 1032 4667 persuadeant,
1050 4577 1091 4646 ut
1108 4593 1177 4646 nec
1194 4570 1367 4669 precibus
1385 4570 1482 4662 ullis,
1511 4593 1581 4646 nec

459 4694 555 4766 omni
572 4716 682 4795 opum
700 4702 909 4772 nostrarum
927 4695 1118 4790 effusione,
1136 4696 1322 4796 totiusque
1341 4697 1463 4794 Regni
1482 4719 1580 4793 gara
