3625 5534
764 465 768 470 ’
853 505 903 553 10.
923 499 1026 552 nucu
1044 495 1194 548 usuovu

807 819 983 895 CAPVT
1004 814 1232 892 SEXTVM.

537 1004 594 1077 De
618 1003 835 1077 lb'mdsooro
846 996 999 1096 fenestra
1015 1023 1081 1095 per·
1101 995 1324 1093 Stephanum
1343 990 1511 1068 dorileum

913 1137 1132 1223 oppupnato.

563 1310 635 1384 His
666 1308 779 1382 rebus
808 1304 1067 1402 Sigismnndus
1093 1301 1274 1399 Princeps
1304 1299 1502 1386 excitatus,
1539 1319 1581 1371 ne

458 1437 535 1511 suis
563 1435 645 1531 ipse
665 1455 811 1528 quoque
831 1431 1000 1528 partibus
1020 1429 1153 1504 deesse
1172 1425 1369 1514 videretur,
1399 1424 1531 1522 copias
1549 1423 1585 1496 in

457 1556 738 1654 Transylvania
757 1555 868 1652 cogit,
893 1576 1043 1629 numero
1065 1552 1209 1649 quidem
1229 1575 1302 1626 nou
1321 1573 1492 1648 magnas,
1522 1546 1587 1622 sed

459 1684 583 1784 armis,
613 1681 714 1764 viris,
743 1690 854 1777 atque
883 1679 979 1753 omni
1010 1685 1212 1753 commeatu
1239 1678 1351 1772 longe
1369 1674 1588 1753 florentissi-

458 1829 550 1884 mas.
574 1804 779 1880 Comitatus
799 1827 866 1880 eas
886 1804 1238 1898 estDevamusque,
1260 1807 1370 1899 etque
1389 1801 1443 1876 ibi
1462 1801 1593 1878 habita

459 1931 636 2021 oratioue,
658 1937 805 2028 sceptro
824 1928 971 2028 publice
990 1935 1162 2027 porrecto
1173 1925 1401 2026 Stephanum
1414 1927 1442 2004 J
1445 1927 1590 2005 osikam

463 2057 735 2132 Cancellarium
754 2055 872 2152 copiis
892 2077 972 2129 oum
993 2049 1148 2148 imperio
1167 2051 1358 2150 praefecit.
1380 2051 1490 2143 Quod
1505 2052 1590 2129 licet

460 2184 628 2281 plerique
649 2180 831 2259 Proceres
860 2179 1122 2254 molestissime
1150 2179 1309 2268 terrent,
1337 2190 1462 2253 tamen
1492 2202 1588 2254 man·
1727 2255 1728 2282 ι

460 2311 546 2385 dato
564 2309 749 2405 Principis
779 2307 946 2382 obsecuti
967 2307 1237 2381 Tdmdsvarum
1257 2326 1390 2380 versus
1410 2327 1494 2380 cum
1513 2305 1587 2380 uni-

460 2434 583 2509 versis
603 2433 721 2532 copiis
740 2433 811 2508 iter
830 2433 1032 2508 intendunt.
1063 2429 1147 2521 Qua
1171 2454 1212 2505 re
1232 2432 1382 2529 cognita
1401 2427 1591 2528 Georgius

464 2561 630 2658 Borbely
649 2559 794 2657 Lippae
823 2557 1046 2658 praefectus,
1067 2556 1263 2633 adventum
1282 2558 1309 2635 J
1312 2556 1437 2633 osicae
1456 2581 1591 2656 nequa·
1728 2595 1729 2598 κ

462 2707 572 2781 quam
592 2692 785 2778 expectat,
823 2682 890 2757 sed
910 2705 990 2756 curn
1009 2680 1184 2780 expedita
1203 2703 1352 2758 suorum
1370 2705 1483 2758 manu
1511 2707 1591 2784 pro·

466 2829 623 2905 gressus
642 2805 808 2881 Aradum
828 2806 1031 2896 castellum,
1060 2829 1105 2880 so
1132 2805 1243 2904 paulo
1271 2815 1357 2904 post
1376 2803 1590 2886 Osauadum

465 2934 576 3010 etiam
605 2933 716 3031 capit,
745 2940 857 3029 atque
886 2931 1084 3030 praesidiis
1104 2931 1306 3007 confirmat.
1345 2932 1436 3008 Inde
1454 2933 1590 3011 iunctis

465 3059 584 3157 copiis
612 3058 815 3157 progressi,
844 3058 964 3155 pridie
986 3057 1060 3131 divi
1090 3058 1213 3132 Lucae
1243 3056 1592 3135 Tdmdsvariensem

464 3187 592 3261 urbem
613 3193 724 3281 atque
744 3207 865 3259 arcem
886 3183 1069 3276 obsident,
1091 3189 1128 3258 et
1147 3182 1336 3258 suburbiis
1363 3205 1593 3280 quaquaver-

466 3331 546 3384 sum
567 3311 722 3408 direptis
741 3318 854 3407 atque
872 3311 1044 3402 incensis,
1064 3318 1206 3409 septem
1219 3310 1412 3386 continuas
1431 3311 1485 3386 ibi
1503 3312 1590 3387 beb-

463 3433 640 3508 domadas
659 3420 764 3509 irrito
784 3444 918 3511 conatu
937 3438 1144 3512 absumunt.
1164 3437 1351 3512 Inciderat
1368 3435 1464 3512 baec
1482 3460 1592 3536 expe·

468 3557 557 3633 ditio
576 3558 614 3632 iu
632 3559 752 3656 ipsum
772 3567 992 3654 autumnum,
1022 3561 1205 3660 cumipse
1224 3562 1318 3637 coeli
1337 3569 1483 3654 natura,
1515 3570 1589 3640 tum

467 3683 765 3760 extraordinaria
795 3685 893 3759 aeris
922 3686 1158 3783 intemperie,
1194 3693 1270 3761 tarn
1298 3685 1456 3761 salutari
1494 3687 1593 3764 bello

468 3811 580 3907 longe
605 3809 990 3886 incommodissimum.
1027 3811 1135 3888 Vnde
1162 3810 1299 3886 factum
1327 3818 1405 3902 est,
1443 3819 1484 3887 ut
1512 3835 1592 3888 cum

467 3943 600 4032 sponte
619 3935 666 4009 ob
690 3934 865 4010 invidiam
885 3934 1112 4012 Cancellarii
1132 3937 1326 4034 segniores
1346 3936 1382 4012 in
1401 3960 1592 4036 oppugna-

462 4058 563 4134 tione
592 4081 718 4135 omnes
745 4060 896 4136 ordines
924 4069 1069 4154 essent,
1097 4061 1233 4138 milites
1262 4064 1592 4160 quoque‘gregarii

461 4205 539 4258 una
559 4208 639 4260 cum
659 4187 808 4262 rusticis
836 4187 942 4285 ipsis,
962 4188 1126 4284 frigoris,
1154 4188 1334 4280 imbrium,
1354 4196 1465 4287 atque
1484 4211 1593 4287 penu·

461 4309 543 4385 riae
573 4321 797 4388 commeatus
825 4312 1146 4410 impatientissimi,
1164 4315 1306 4411 passim
1327 4313 1590 4398 dilaberentur,

462 4441 500 4508 et
517 4436 610 4532 fuga
620 4437 692 4512 sibi
703 4436 949 4516 consulerent.
966 4436 1236 4533 Cancellarius,
1247 4440 1491 4536 suggestione
1501 4441 1589 4517 elio·

460 4581 541 4634 rum
571 4563 733 4654 edoctus,
772 4587 853 4639 oum
880 4563 1020 4640 nullam
1048 4565 1161 4646 eliam
1192 4567 1462 4665 expugnandae
1486 4567 1588 4643 urbis

461 4685 641 4762 rationem
669 4710 869 4787 superesse
897 4691 1061 4786 videret,
1099 4692 1203 4786 iubet
1230 4691 1322 4770 duos
1349 4693 1510 4772 tumulos
1539 4715 1583 4770 ex
