3625 5534
523 544 571 593 un
590 544 670 595 nus.
692 543 775 597 vua.
793 543 875 596 uso.
894 545 945 600 xr.
963 546 996 596 n.
1016 545 1040 597 1.
1251 523 1327 600 307

207 719 299 810 iore,
318 725 358 792 ut
376 717 447 793 nisi
466 741 545 792 eam
577 718 810 795 severitatem
821 718 1041 814 adhiberem,
1061 744 1188 797 currus
1198 724 1328 798 bovem
1437 799 1444 815 ,

209 844 373 918 traheret
415 843 512 941 pluri
522 868 653 942 meque
681 855 922 945 praepostero
950 849 1075 923 ordine
1103 848 1326 944 gererentur.

212 971 257 1044 Id
276 993 364 1044 vero
392 995 438 1046 ne
456 970 544 1046 fiere
553 979 578 1060 t,
606 973 676 1047 mei
705 974 863 1048 muneris
889 975 959 1050 fuit
976 975 1182 1074 providere,
1211 985 1247 1051 et
1282 1000 1328 1051 ne

213 1096 431 1192 contagione
449 1097 571 1174 morbi
589 1098 734 1175 sincera
758 1123 847 1199 pars
867 1123 1011 1200 quoque
1028 1103 1246 1195 traheretur,
1265 1126 1329 1201 pu·

213 1222 312 1298 trida
330 1224 495 1297 membra
511 1226 728 1322 tempestive
746 1249 927 1301 resecare.
950 1228 1130 1326 Equidem
1148 1229 1185 1304 in
1203 1236 1327 1326 poste-

213 1371 294 1424 rum
313 1371 456 1446 quoque
483 1349 545 1424 ubi
572 1350 634 1426 ubi
662 1358 842 1427 terrarum
860 1355 1102 1448 futurussum,
1120 1354 1330 1430 memoriam

211 1473 339 1568 vestri,
357 1475 461 1550 nullo
481 1498 638 1574 unquam
656 1483 821 1576 tempore
850 1478 1041 1576 deponam,
1070 1479 1137 1554 sed
1166 1479 1329 1556 sedulam

211 1601 330 1677 vestri
347 1626 472 1678 euram
491 1603 608 1679 etiam
627 1605 764 1680 absens
782 1605 939 1682 habebo.
973 1607 1052 1683 Vos
1076 1607 1220 1682 iuterim
1248 1608 1331 1682 hor-

215 1735 284 1820 tor,
300 1735 340 1802 ut
358 1751 465 1824 quam
492 1727 604 1803 fidem
636 1729 771 1828 duplici
797 1731 870 1806 iam
896 1732 1099 1809 iuramento
1118 1729 1330 1808 Christiano

216 1851 374 1929 Caesari
393 1854 620 1947 devinxistis,
647 1851 727 1931 eam
747 1865 884 1933 sartam
900 1865 1103 1955 tectamque
1123 1859 1157 1933 ei
1185 1881 1330 1957 semper

217 1981 455 2056 conservetis.
491 1979 597 2055 Haec
615 2005 694 2056 curu
721 1981 886 2073 dixisset,
917 1984 1203 2082 lacrymantibus
1227 2006 1331 2082 prae-

218 2106 344 2181 dolore
364 2107 480 2182 oculis
499 2104 607 2181 finem
625 2108 820 2206 perorandi
839 2109 935 2198 fecit,
955 2116 1057 2185 tauto
1077 2133 1156 2184 euru
1175 2110 1330 2184 omnium

219 2233 357 2324 dolore,
375 2242 415 2309 ut
432 2235 539 2330 pauci
558 2234 742 2333 lacrymas
761 2235 954 2310 tenuerint.
973 2235 1178 2334 Respondit
1188 2237 1330 2311 nomine

220 2368 422 2435 ceterorum
440 2360 644 2457 legatorum
663 2359 873 2459 Stephanus
893 2361 1010 2438 Zuhai
1028 2361 1236 2460 Episcopus
1257 2362 1331 2438 Va·

219 2485 364 2577 elensis,
383 2488 585 2585 paucisque
603 2487 839 2584 praemissis:
860 2485 973 2579 Sicut,
992 2487 1117 2583 inquit,
1137 2486 1233 2562 datis
1251 2487 1331 2560 lite·

219 2612 273 2686 ris
301 2609 443 2688 Caesar
461 2611 677 2711 Rudolphns
705 2612 840 2688 obnixe
867 2612 1009 2704 institit,
1027 2619 1068 2687 ut
1097 2619 1234 2688 mutato
1261 2611 1331 2689 hoe

218 2738 458 2836 protectionis
469 2738 631 2829 consilio,
640 2738 677 2813 in
687 2739 964 2833 gubernatione,
984 2739 1218 2814 serenissime
1227 2737 1332 2812 Prin·

219 2887 318 2962 ceps,
336 2887 619 2962 perseverares:
652 2863 704 2938 ita
732 2887 800 2939 uos
828 2889 973 2963 quoque
1000 2865 1071 2940 hac
1089 2862 1190 2954 hore,
1222 2887 1330 2962 quam

218 3013 413 3088 possumus
440 2989 638 3066 humillime
666 3013 830 3080 oramus,
866 2999 907 3068 nt
934 2991 971 3064 in
998 2991 1069 3066 hae
1096 2988 1333 3064 nobilissima

218 3117 409 3214 provincia
426 3120 671 3216 permanendo
689 3117 897 3193 inchoatum
917 3117 1029 3192 semel
1049 3115 1224 3190 vietoriae
1247 3134 1329 3188 eou-

218 3255 279 3318 tra
301 3244 490 3320 Barbaros
518 3266 662 3319 cursum
688 3244 845 3319 feliciter
873 3241 1073 3318 continues.
1109 3238 1202 3315 Ourn
1237 3239 1330 3315 haee

220 3367 337 3444 Zuhai
356 3369 512 3446 diceret:
535 3369 718 3468 Princeps
745 3369 889 3466 maguis
918 3391 998 3443 eum
1017 3366 1206 3464 suspiriis:
1225 3364 1329 3456 Sero,

220 3477 349 3593 inquit,
371 3497 518 3595 sapiunt
535 3495 716 3594 Phryges.
745 3494 783 3570 Is
801 3495 1041 3591 interruptam
1058 3491 1331 3567 continuaturus

221 3623 443 3698 orationem:
465 3622 776 3720 Quandoquidem,
795 3622 923 3720 inquit,
942 3618 1330 3717 inpropositoprofeo-

220 3747 332 3823 tionis
360 3771 591 3847 perseveras,
619 3746 798 3845 Princeps
825 3746 959 3838 inclite,
979 3768 1025 3819 ex
1053 3766 1097 3820 eo
1125 3742 1330 3839 colligimus

221 3873 346 3948 divino
376 3897 520 3972 quoque
555 3873 633 3950 fato
662 3871 731 3950 hoc
758 3873 811 3948 ita
839 3895 923 3948 esse
951 3870 1194 3947 constitutum.
1232 3866 1329 3958 Qua-

220 4008 374 4100 propter
392 4001 477 4076 boni
498 3997 639 4075 Caesar
667 4021 812 4098 quoque
829 4006 956 4074 noster
983 3993 1140 4072 consulit
1157 3994 1331 4092 prompti-

220 4127 384 4204 tudinem
402 4134 574 4213 vestram
600 4148 645 4200 ao
670 4149 711 4200 re
729 4125 813 4223 ipsa
831 4121 1010 4210 ostendet,
1043 4130 1079 4198 et
1097 4129 1133 4196 te
1161 4129 1331 4216 tuamque

221 4253 447 4350 dignitatem,
467 4260 504 4328 et
522 4252 677 4350 populos
694 4259 777 4326 tuos
797 4247 978 4345 singulari
1003 4247 1075 4321 sibi
1094 4269 1202 4321 curae
1221 4255 1332 4342 atque

221 4379 326 4456 cordi
351 4379 441 4455 fore.
480 4376 686 4475 Respondit
713 4375 902 4474 Princeps,
929 4373 1182 4472 interpositam
1210 4392 1332 4446 eorum

220 4505 532 4605 protestationem,
552 4512 589 4578 et
608 4503 656 4578 ad
674 4501 932 4579 remanendum
959 4498 1206 4575 invitationem
1225 4495 1333 4570 nimis

221 4635 294 4710 iam
313 4657 435 4710 seram
454 4655 549 4708 esse.
587 4630 636 4706 Se
665 4631 809 4729 quidem
828 4631 865 4704 in
882 4628 954 4703 tide
973 4626 1129 4704 Caesari
1147 4627 1232 4704 data
1250 4649 1332 4702 eon·

220 4760 448 4838 stantissime
467 4764 788 4858 perseveraturum
808 4779 901 4832 esse.
922 4753 996 4830 Sed
1007 4751 1183 4829 Caesaris
1202 4775 1328 4828 trusus

1164 4896 1226 4962 20*
