3625 5534
514 503 592 580 278
913 529 962 579 ro.
983 525 1084 578 nucu
1103 527 1255 580 annom

514 708 643 781 sciant.
676 703 820 780 Ponant
839 711 924 779 ante
945 705 1081 795 oculos,
1103 726 1344 802 quaeeunque
1355 705 1459 804 ipsos
1469 703 1622 804 pericula

513 833 725 921 manebunt,
764 831 796 903 si
824 831 920 903 male
955 829 1171 922 dimicarint,
1193 830 1300 905 varia
1333 831 1462 905 mortis
1481 854 1622 928 genera,

512 961 627 1035 diram
654 981 807 1034 uxorum
827 959 1099 1054 liberorumque
1127 957 1354 1050 servitutem,
1382 959 1511 1034 ultima
1528 959 1623 1054 regni

513 1086 666 1170 excidia,
686 1092 815 1183 raptus
836 1083 1030 1179 virginum,
1060 1090 1097 1157 et
1124 1083 1239 1157 fanda
1256 1083 1481 1182 infandaque
1501 1085 1622 1158 omnia.

512 1215 619 1289 Haec
639 1213 760 1288 omnia
777 1212 885 1287 unius
915 1209 987 1283 diei
1007 1210 1137 1286 labore
1157 1210 1290 1284 evitari
1314 1233 1438 1309 posse.
1476 1210 1625 1285 Proinde

514 1364 622 1418 orare
651 1363 695 1413 ac
714 1363 781 1438 pcr
800 1337 920 1413 Deum
946 1337 1203 1433 hominumque
1223 1336 1332 1410 fidem
1352 1337 1561 1426 obsecrare,
1579 1335 1624 1410 uti

512 1468 623 1543 solita
641 1489 692 1553 se,
713 1465 885 1563 patriam,
911 1464 1064 1556 liberos,
1091 1487 1227 1540 uxores
1248 1488 1293 1538 ac
1312 1464 1482 1540 fortunas
1501 1464 1623 1538 virtute

511 1594 702 1678 redimant,
731 1597 768 1665 ct
803 1591 841 1664 in
868 1599 1084 1689 perpetuam
1102 1591 1311 1666 libertatem
1340 1591 1534 1666 vindicent.
1560 1589 1623 1666 His

512 1721 641 1795 edictis
662 1727 698 1794 et
715 1718 901 1793 universis
933 1718 1050 1816 copiis
1075 1717 1145 1792 rite
1164 1717 1355 1792 instructis
1376 1718 1532 1793 edictum
1549 1739 1623 1815 pro·

513 1850 667 1944 mulget,
686 1846 740 1920 uti
759 1867 863 1919 suam
884 1845 1040 1940 quisque
1060 1845 1255 1920 stationem
1275 1846 1461 1938 observet,
1484 1855 1625 1920 tormen·

516 1968 634 2049 torum
653 1970 902 2070 praesentiam
915 1978 1097 2068 expectet,
1116 1970 1154 2045 in
1163 1971 1316 2068 rapinas
1336 1995 1381 2046 ne
1401 1971 1624 2062 seedundat;

512 2099 661 2198 quaesi
688 2106 890 2196 praccepta
920 2104 1132 2173 constanter
1159 2097 1318 2171 fuissent
1346 2099 1554 2189 observata,
1563 2120 1626 2171 nae

509 2229 574 2301 illo
605 2226 666 2300 die
691 2223 1027 2320 praeclarissimam
1039 2223 1156 2298 nostri
1176 2223 1222 2298 de
1241 2225 1413 2299 barbaris
1446 2225 1627 2301 victoriam

509 2362 595 2454 post
613 2352 779 2427 homines
798 2359 906 2426 natos
925 2358 1192 2449 reportassent.
1213 2351 1339 2427 Nihilo
1359 2353 1481 2428 secius
1501 2351 1627 2428 etPur-

512 2479 635 2580 purati
665 2474 842 2553 Caesaris
863 2477 1068 2550 Turcarum
1089 2498 1179 2551 suos
1197 2477 1385 2574 praemiis,
1404 2476 1628 2575 pollicitatio-

514 2607 623 2682 nibus
642 2627 688 2678 ac
706 2603 814 2676 minis
841 2603 1047 2694 incendunt,
1075 2611 1114 2676 ut
1134 2603 1256 2676 omnia
1274 2604 1427 2701 perpeti,
1457 2627 1566 2700 quam
1592 2627 1629 2679 co

519 2733 577 2807 die
597 2731 763 2828 Vngaris
784 2731 915 2804 cedere
935 2731 1096 2818 mallent,
1114 2727 1268 2826 proinde
1278 2731 1438 2804 lustrant
1447 2737 1630 2828 utrumque

516 2882 638 2946 cornu,
660 2866 697 2930 et
716 2856 950 2952 gravissimis
970 2879 1095 2931 omnes
1111 2855 1240 2930 edictis
1258 2857 1307 2930 ad
1316 2855 1462 2931 fortiter
1471 2878 1626 2954 pugnan-

513 2987 595 3060 dum
604 2985 809 3059 hortantur.
829 2982 1116 3080 ItaqncXXVl.
1128 2983 1251 3058 octob.
1275 2984 1361 3059 dato
1372 3005 1521 3081 pugnae
1531 2985 1629 3084 signo

514 3111 631 3187 nostri
652 3119 802 3186 strenue
821 3119 1052 3208 procurrunt,
1072 3111 1326 3207 irruentesque
1345 3110 1536 3186 Barbaros
1565 3113 1627 3188 lor-

512 3241 600 3312 titer
627 3238 825 3336 excipiunt.
872 3236 1023 3312 Interim
1054 3235 1206 3311 'Partari
1243 3237 1355 3312 lentis
1394 3241 1624 3335 processibus

511 3365 697 3463 progredi,
718 3387 763 3438 ac
781 3363 962 3460 paulatim
981 3370 1127 3437 nostros
1171 3385 1465 3461 quaquaversum
1486 3366 1625 3442 circurn-

512 3491 613 3565 dare.
633 3489 836 3585 Postquam
856 3489 998 3584 aliquot
1016 3488 1188 3563 horarum
1209 3489 1484 3565 velitationibus
1494 3516 1625 3590 pugna·

510 3625 584 3693 tum
605 3625 715 3707 esset,
740 3623 777 3690 et
804 3614 1027 3712 aliquamdiu
1056 3638 1123 3713 spe
1149 3617 1230 3713 pari
1251 3616 1469 3710 dimicatum,
1499 3643 1625 3718 magna

510 3744 646 3843 ubique
675 3751 803 3838 strage
828 3743 977 3828 oborta,
1016 3764 1081 3817 sen
1109 3741 1217 3835 serio,
1256 3765 1321 3818 sen
1355 3767 1402 3818 ex
1429 3747 1624 3846 composito

510 3872 669 3948 Barbari
697 3878 805 3966 terga
824 3877 981 3956 vertunt,
1009 3893 1053 3942 ac
1081 3869 1219 3944 nostris
1235 3879 1383 3946 strenue
1411 3875 1624 3972 insequenti·

510 4001 579 4073 bus
607 4021 742 4093 magno
770 4020 850 4071 cum
877 3995 1016 4093 impetu
1044 3997 1187 4071 cedunt.
1227 3997 1372 4072 Instant
1405 3997 1622 4096 fugientibus

510 4125 638 4216 nostri,
669 4148 714 4198 ac
732 4123 922 4198 dissolutis
952 4123 1141 4199 ordinibus
1170 4123 1334 4198 certatim
1362 4124 1486 4201 ineos
1506 4128 1620 4204 desae-

511 4250 623 4346 viunt,
653 4273 697 4325 ac
715 4246 806 4324 CIX
835 4255 1016 4324 tormenta
1043 4249 1212 4324 hostibus
1241 4248 1414 4324 adimunt.
1451 4251 1515 4328 Ad
1541 4255 1620 4330 haec

511 4379 658 4455 omissis
672 4384 758 4476 post
776 4385 930 4474 tergum,
961 4377 1056 4474 qnod
1084 4375 1230 4452 minime
1250 4376 1406 4453 omnium
1426 4379 1508 4455 fieri
1525 4405 1619 4482 opor-

510 4507 623 4596 tebat,
642 4504 835 4581 tormentis
854 4503 1010 4592 bellicis,
1029 4505 1102 4580 rati
1120 4503 1311 4579 Barbaros
1333 4503 1414 4580 sine
1433 4530 1538 4585 mora
1553 4510 1616 4586 ian

510 4631 702 4728 fugituros,
751 4639 876 4706 castra
894 4630 1079 4714 invadunt,
1110 4652 1226 4728 eaque
1254 4627 1534 4728 pretiosissimis
1551 4637 1617 4735 qui·

507 4755 650 4857 busque
672 4758 784 4832 rebus
822 4756 871 4831 ad
897 4757 1112 4836 miraculum
1140 4779 1257 4855 usquc
1284 4758 1425 4836 referta
1444 4761 1614 4863 diripimt
