3625 5534
455 492 533 569 232
858 514 906 564 ro.
927 513 1026 564 nrrou
1042 513 1190 564 nnnovn

454 693 614 767 hostiurn
651 693 797 765 turbam
825 695 879 768 ita
911 690 1217 778 fulminaverunt,
1264 697 1303 761 nt
1351 711 1424 762 non
1462 711 1577 785 parva

456 840 521 894 eos
541 825 669 913 strage
689 818 888 894 afficerent
918 817 1025 893 Multi
1055 838 1100 890 ex
1121 814 1301 890 Barbarie
1330 838 1457 906 naves,
1488 837 1578 910 quas

457 945 616 1041 quinque
635 944 795 1020 maiores
813 945 1012 1033 habebant,
1042 940 1251 1016 traiiciendi
1270 962 1386 1015 causa
1405 961 1575 1016 conscen·

345 1077 350 1086 '
456 1067 598 1174 derant,
618 1093 770 1166 quarum
788 1079 867 1146 tres
885 1070 1087 1145 incolumes
1107 1088 1273 1151 evasere,
1301 1065 1396 1141 duae
1415 1067 1577 1162 reliquae

456 1193 651 1268 tormentis
670 1215 873 1269 concussae
890 1193 929 1267 in
944 1193 1055 1266 imum
1069 1192 1284 1266 submersae
1294 1191 1451 1265 inerunt.
1474 1188 1575 1263 Post-

459 1342 614 1415 eaquam
635 1320 751 1394 nostri
769 1321 929 1395 transitu
947 1319 1071 1417 pontis
1082 1318 1286 1408 Barbaros,
1306 1317 1575 1412 quicisIstrnm

458 1452 724 1537 remanserant,
743 1445 1022 1543 prohibuissent
1041 1469 1085 1519 ac
1105 1443 1361 1532 concidissent,
1392 1443 1486 1516 duae
1506 1449 1575 1516 tur·

457 1591 539 1643 mae
562 1568 726 1666 peditum
745 1568 925 1668 Stephani
944 1570 1156 1645 Moldaviae
1176 1569 1336 1644 Palatini
1365 1569 1403 1642 in
1432 1576 1575 1665 pontem

459 1694 629 1769 evadunt.
669 1693 752 1786 Qua
781 1720 821 1770 re
848 1698 934 1772 visa
962 1695 1120 1788 Turbae,
1150 1696 1211 1792 qui
1240 1704 1345 1771 trans
1370 1693 1578 1770 Danubium

460 1827 575 1900 erant,
604 1819 713 1904 veriti
740 1844 787 1895 ne
814 1822 932 1896 nostri
959 1821 1172 1911 transirent,
1202 1822 1361 1918 arreptis
1390 1817 1578 1893 confestim

458 1946 650 2020 securibus
678 1954 825 2044 pontem
856 1947 1097 2021 resciderunt.
1135 1947 1297 2022 Maximo
1336 1955 1422 2022 tunc
1450 1945 1578 2019 damno

458 2070 643 2171 Principis
671 2073 800 2170 copiae
828 2072 927 2146 affici
955 2073 1175 2170 potuissent,
1204 2074 1242 2147 ni
1261 2073 1344 2148 Deo
1372 2073 1425 2147 ita
1451 2071 1579 2167 gnber-

459 2203 570 2271 nante
599 2195 759 2272 Sinanus
797 2222 941 2274 omnem
980 2198 1146 2296 pulveris
1185 2197 1413 2273 tormentarii
1442 2194 1580 2293 copiam

459 2332 564 2399 trans
584 2323 795 2398 Danubium
825 2323 935 2398 avehi
963 2331 1143 2400 curasset.
1183 2323 1388 2399 Nemeam
1420 2317 1580 2419 pulveris

460 2448 545 2540 vim,
574 2470 683 2543 quam
703 2448 756 2523 cis
776 2451 913 2523 Istrum
942 2450 979 2522 in
1000 2449 1118 2523 carris
1138 2449 1358 2546 reliquerat,
1398 2455 1438 2522 ut
1458 2470 1504 2522 ea
1522 2444 1579 2519 ob·

461 2573 559 2647 sessi
576 2579 775 2665 uterentur,
795 2588 949 2674 propter
967 2576 1194 2673 inopinatum
1214 2582 1422 2650 nostrornm
1451 2571 1580 2648 adven·

461 2706 536 2771 tum
547 2697 708 2772 Barbari
718 2699 755 2773 in
768 2723 890 2775 arcem
900 2703 1102 2799 importare
1122 2725 1194 2775 non
1209 2707 1415 2799 potnerunt.
1438 2697 1514 2774 Sed
1530 2703 1579 2768 ta·

461 2845 543 2896 men
563 2824 756 2897 nenostris
768 2826 914 2922 quidem
935 2851 981 2902 ea
999 2827 1165 2925 pulveris
1186 2827 1293 2924 copia
1310 2824 1377 2901 uili
1396 2824 1478 2900 usui
1496 2821 1578 2910 fuit3

463 2971 545 3022 nam
568 2949 1040 3042 cumnoriamirnmineret,
1059 2974 1126 3048 per
1138 2951 1315 3046 quosdam
1327 2949 1493 3046 quiintcr
1508 2968 1581 3022 car-

460 3097 523 3148 ros
533 3074 770 3167 oberrabant,
791 3077 870 3150 sive
881 3101 928 3151 ex
939 3077 1159 3172 ignorantia,
1170 3079 1250 3152 sive
1261 3077 1336 3152 alia
1348 3075 1519 3174 quapiam
1529 3095 1581 3146 ra·

465 3198 576 3290 tione,
596 3201 697 3276 nullo
707 3202 854 3298 penitus
874 3203 1006 3278 damno
1018 3205 1185 3300 cuiquam
1196 3203 1311 3290 illato,
1328 3222 1529 3277 succensus
1547 3196 1580 3270 in

462 3324 583 3399 fumos
593 3325 694 3400 abiit.
705 3326 762 3402 lte
772 3328 810 3402 in
819 3329 916 3404 hunc
925 3329 1069 3406 modum
1080 3352 1197 3426 usque
1208 3329 1245 3403 in
1255 3349 1452 3426 vesperum
1464 3329 1578 3421 gesta,

465 3447 714 3547 custodiisque
735 3476 843 3548 quam
863 3455 1146 3552 diligentissime
1166 3452 1354 3544 adhibitis,
1374 3451 1580 3552 copiaeom·

462 3566 530 3649 nes
567 3573 821 3672 insequentem
850 3603 997 3678 qnoque
1026 3589 1169 3654 noctem
1194 3581 1396 3653 insomnem
1415 3578 1454 3651 in
1474 3571 1581 3650 armis

463 3700 671 3794 traduxere,
700 3712 851 3801 postero
880 3715 1001 3782 autem
1033 3707 1091 3780 dio
1110 3705 1300 3802 Princeps,
1320 3727 1399 3780 cum
1428 3697 1582 3777 animad-

461 3833 625 3903 verteret
642 3829 788 3905 hostem
806 3853 879 3923 non
899 3833 1059 3930 amplius
1078 3831 1346 3908 formidandum
1375 3851 1472 3918 esse,
1500 3845 1582 3926 pan-

465 3952 579 4026 lulum
612 3976 658 4028 ex
688 3977 731 4030 eo
760 3955 853 4049 loco,
881 3957 944 4032 ubi
965 3957 1150 4032 exercitus
1177 3965 1320 4032 noctem
1340 3959 1582 4052 transegerat

466 4075 682 4173 procedens,
701 4102 774 4155 non
792 4082 923 4178 procul
946 4105 970 4155 a
987 4080 1110 4157 littore
1129 4078 1294 4155 Danubii
1313 4085 1438 4152 castra
1456 4075 1584 4176 posuit,

376 4234 380 4244 ¹
463 4209 501 4276 et
519 4201 679 4279 admotis
697 4204 830 4282 iisdem
847 4209 1052 4301 tormentis,
1074 4207 1207 4306 quibus
1226 4205 1425 4282 AliBassa
1444 4206 1583 4300 Tergo-

463 4328 596 4404 vistiae
625 4339 753 4407 contra
780 4340 930 4408 nostros
967 4356 1057 4410 usus
1075 4333 1208 4423 inerat,
1237 4332 1334 4408 arcis
1355 4328 1582 4430 Gyrgioviac

462 4452 606 4528 moenia
623 4455 798 4551 quassari
815 4456 935 4534 iussit.
958 4459 1016 4533 Ea
1034 4479 1203 4554 reusque
1218 4457 1482 4553 insequentem
1494 4455 1582 4530 diem

463 4577 686 4672 continuata,
714 4581 929 4681 ingentique
956 4606 1143 4660 murorum
1171 4583 1279 4660 ruina
1297 4606 1364 4681 per
1382 4582 1457 4655 vim
1475 4582 1581 4662 sacta,

462 4700 678 4799 imperatum
699 4729 723 4780 a
739 4706 914 4806 i'rincipe
941 4709 1019 4801 fuit,
1048 4716 1088 4785 nt
1107 4732 1128 4784 e
1147 4707 1306 4804 singuiis
1324 4706 1494 4782 tentoriis
1512 4701 1582 4780 hini
