3625 5534
467 463 603 538 LXVIII
853 463 1202 533 nncsrrlnostcnrn

466 655 541 750 get.
570 649 768 770 Legyetek
787 649 1052 745 egeszsegben.
1073 649 1210 722 Datum
1230 647 1289 720 die
1315 647 1404 721 Divi
1428 642 1602 720 blicbae·

467 777 515 851 lis
534 774 763 872 Archangeli
787 777 902 848 1595.

924 1001 1136 1010 —-----—-.

705 1425 914 1493 EPISTOLA
930 1425 991 1490 AD
1017 1423 1072 1489 10.
1092 1422 1367 1518 TELEGDIVM..

506 1627 658 1701 loannes
676 1625 809 1698 Decios
828 1625 1005 1698 Barantea
1023 1624 1155 1697 Ioanni
1187 1621 1348 1721 Telegdio
1385 1615 1422 1694 S.
1440 1619 1486 1693 P.
1507 1620 1561 1696 D.

576 1783 669 1860 Cum
687 1807 803 1882 nuper
831 1784 919 1857 mihi
948 1784 1195 1859 Litcraturam
1223 1779 1600 1880 Hunno-Scythicam

469 1910 713 1999 exhibuisses,
732 1918 768 1984 et
787 1933 834 1983 an
853 1908 1001 2004 dignam
1021 1909 1268 2007 publicatione
1287 1931 1369 1983 eam
1390 1907 1600 1983 indicarem

468 2035 752 2131 interrogasses,
772 2059 845 2110 non
865 2034 984 2110 solum
1003 2034 1180 2108 honestos
1199 2035 1306 2107 'Puos
1326 2035 1454 2108 bacin
1476 2057 1516 2108 re
1537 2057 1604 2108 co·

469 2168 579 2236 natus
607 2161 766 2252 laudavi,
795 2159 863 2236 sed
891 2159 1004 2234 etiam
1030 2167 1071 2232 nt
1097 2158 1216 2255 primo
1247 2181 1393 2256 quoque
1429 2166 1605 2256 tempore

469 2289 739 2384 promulgares,
759 2295 797 2362 et
814 2287 947 2360 author
966 2292 1005 2359 et
1024 2284 1169 2359 adiutor
1186 2283 1251 2358 ini.

576 2411 660 2485 Etsi
679 2411 776 2486 enim
803 2432 875 2484 non
903 2409 1041 2498 dubito,
1071 2408 1159 2504 quin
1189 2407 1367 2482 ludicrum
1387 2418 1425 2485 et
1452 2409 1602 2506 puerile

469 2534 638 2610 videatur
656 2558 729 2609 non
747 2535 887 2633 paucis,
915 2541 1061 2628 tempus
1079 2532 1116 2606 in
1137 2533 1239 2607 bisce
1268 2534 1407 2608 LiterIs
1435 2534 1495 2607 vel
1515 2559 1606 2632 pro·

469 2660 665 2760 negandis,
685 2662 747 2735 vel
774 2660 884 2735 etiam
914 2658 1099 2733 dIscendis
1128 2680 1363 2734 consumere:
1383 2667 1505 2734 tamen
1527 2685 1605 2757 ego

469 2808 623 2882 prorsus
647 2785 832 2860 diversum
861 2785 992 2876 sentio,
1020 2807 1171 2881 remque
1192 2784 1341 2879 dignam
1361 2807 1446 2860 esse
1464 2785 1603 2876 Iudico,

470 2936 564 3009 quae
583 2935 655 2987 non
674 2912 792 2987 solum
807 2919 957 2986 nostrae
972 2911 1085 3007 genti,
1105 2909 1173 2986 sed
1192 2911 1302 2985 etiam
1322 2911 1460 2986 exteris
1480 2914 1605 2989 natio·

468 3039 577 3114 nibus
597 3039 815 3114 innotescat.
845 3037 1007 3112 Primum
1036 3036 1143 3128 enim,
1170 3037 1204 3111 si
1231 3036 1329 3112 aliae
1358 3059 1485 3111 omncs
1513 3061 1603 3113 con-

468 3165 634 3240 lecturac
670 3187 741 3239 nos
779 3163 988 3253 delicerent,
1026 3186 1072 3236 ex
1101 3162 1160 3236 his
1187 3168 1310 3237 tamen
1347 3160 1439 3236 solis
1476 3163 1604 3238 literis

469 3299 571 3363 certo
599 3289 778 3385 colligere
807 3310 1024 3387 possumus,
1063 3284 1227 3362 Gentem
1254 3285 1483 3382 Vngaricam
1513 3311 1605 3364 esse

468 3415 581 3508 longe
609 3413 922 3508 antiquissimam,
942 3419 979 3486 et
1006 3414 1054 3487 ab
1084 3411 1326 3486 orientalibus
1354 3412 1431 3486 illis
1459 3411 1603 3488 Asiati·

469 3539 596 3635 cisque
615 3539 765 3637 Scythis
784 3539 988 3631 oriundam,
1008 3564 1032 3613 a
1051 3539 1185 3636 quibus
1203 3537 1353 3636 Cyrum,
1374 3539 1543 3630 Darium,
1563 3549 1604 3614 et

470 3663 565 3739 alios
582 3663 857 3760 potentissimos
876 3663 1102 3738 Monarchas
1122 3663 1289 3738 devictos
1308 3661 1478 3758 legimus.
1499 3663 1601 3738 Nam

469 3789 564 3864 sicut
583 3787 759 3876 Hebraei,
781 3786 880 3890 Syri,
900 3786 1093 3878 Chaldaei,
1123 3787 1281 3880 Arabes,
1312 3786 1472 3879 ancae,
1500 3795 1603 3863 cete·

468 3915 573 4012 rique
610 3914 811 3989 orientales
849 3914 1034 3989 adextra
1071 3913 1261 3991 sinistram
1298 3937 1430 3990 versus
1468 3921 1603 3991 contra

469 4039 699 4116 Graecorum
727 4039 1017 4137 Latinorumque
1044 4063 1183 4117 morem
1206 4047 1363 4116 exarant
1392 4064 1480 4117 snas
1499 4041 1601 4118 Lite-

468 4187 553 4262 ras;
591 4164 644 4240 ita
663 4165 776 4241 etiam
803 4165 897 4240 haec
925 4174 1055 4241 nostra
1091 4165 1287 4243 Elementa
1315 4166 1425 4241 simili
1454 4167 1601 4244 ratione

468 4289 688 4365 scribuntur.
728 4289 772 4365 ld
790 4291 888 4387 quod
916 4291 979 4366 vel
997 4314 1043 4366 ex
1063 4315 1107 4367 eo
1126 4300 1239 4391 patet,
1269 4292 1368 4389 quod
1386 4314 1459 4366 non
1476 4293 1600 4368 solum

467 4437 694 4490 communem
713 4415 990 4513 pronunciandi,
1019 4424 1130 4514 atque
1149 4417 1347 4510 scribendi,
1372 4417 1600 4494 inflectendi·

470 4562 633 4638 quecnm
655 4540 842 4618 Hebraeis
862 4544 1055 4619 vocabulis
1075 4543 1253 4619 rationem
1264 4553 1395 4620 nostra
1413 4545 1598 4620 babeant:

468 4667 665 4742 sedetiam
686 4677 864 4745 sexcenta
884 4678 921 4744 ct
949 4671 1108 4769 amplius
1133 4671 1375 4767 reperiuntur,
1404 4693 1500 4767 qnae
1519 4679 1598 4747 tam
