3625 5534
495 532 544 582 nn
563 529 644 582 nnn.
665 529 750 580 vuc.
771 528 852 579 nuc.
874 529 908 578 x.
928 527 961 578 n.
981 527 1016 577 x.
1258 495 1336 576 285

220 732 267 784 ac
284 706 413 782 liberis
433 707 659 783 Varadinum
687 705 860 803 profugit.
899 705 937 776 ls
969 702 1219 778 documentum
1254 701 1339 776 fidei

220 857 266 908 ac
283 832 453 908 militaris
473 831 649 907 scientiae
677 831 850 917 editurus,
881 828 1056 902 assumtis
1075 824 1140 902 GL
1162 827 1338 904 militibus

221 957 443 1056 Segediuum
470 981 602 1035 versus
630 959 817 1056 protectus
845 961 914 1046 est,
943 953 1141 1054 copiasque
1161 949 1338 1030 Caesaris

222 1087 379 1184 Agrium
396 1096 471 1162 tum
496 1093 674 1186 petentes,
704 1107 798 1182 quae
817 1080 915 1156 VIII
933 1081 1059 1170 millia,
1088 1104 1160 1180 qua
1179 1082 1339 1180 equitum

223 1237 296 1310 qna
322 1214 486 1312 pediturn
521 1213 773 1300 continebant,
801 1209 840 1283 in
869 1208 1016 1284 deserto
1045 1204 1264 1304 Segediensi
1293 1209 1341 1284 ad

222 1341 340 1414 lacum
349 1338 428 1412 Piri
447 1340 502 1413 sic
530 1338 674 1426 dictum,
695 1337 843 1412 excelso
863 1335 984 1408 animo
996 1333 1149 1409 adortus
1167 1342 1234 1410 cst.
1253 1335 1338 1410 Mox

220 1488 262 1539 re
280 1465 486 1562 explorata,
509 1466 723 1539 cohortatus
747 1461 882 1538 milites
910 1483 1058 1559 pugnae
1091 1459 1237 1557 signum
1256 1455 1341 1549 'dat

222 1616 267 1668 ac
285 1591 399 1666 vicies
419 1598 456 1666 et
475 1591 668 1688 quinquies
687 1590 813 1663 hostes
842 1611 863 1662 e
882 1588 1017 1662 castris
1043 1587 1152 1678 eiicit‚
1171 1589 1343 1664 taberna-

222 1717 389 1813 culisque
414 1716 590 1808 disiectis,
629 1714 918 1814 quadringentos
959 1721 996 1788 ct
1031 1713 1181 1788 LXXX
1219 1738 1342 1792 eorum

220 1841 391 1918 trucidat.
409 1843 454 1918 In
472 1842 519 1918 iis
537 1843 640 1918 luere
660 1842 732 1917 dno
751 1839 838 1916 Alai
858 1840 1015 1930 Bassac,
1035 1863 1127 1917 unus
1147 1842 1286 1938 Begus,
1307 1851 1345 1918 et

222 1991 316 2044 unus
339 1968 427 2042 item
445 1968 534 2066 Aga
552 1969 579 2046 J
581 1969 831 2061 anizarorum3
861 1967 959 2066 capti
980 1975 1064 2042 sunt
1092 1970 1217 2065 sesqui
1246 1968 1344 2044 mille

222 2116 352 2169 currus
371 2118 451 2169 cum
477 2094 667 2170 tormentis
691 2091 951 2191 compluribus,
988 2092 1061 2166 XL
1078 2092 1248 2191 plaustra
1265 2093 1342 2170 the·

223 2244 335 2297 sauro
354 2226 497 2312 onusta,
518 2245 612 2318 quae
630 2229 755 2297 tamen
775 2220 914 2296 auferri
934 2242 1006 2294 non
1026 2230 1188 2318 potuere.
1226 2220 1342 2321 Capta

223 2355 310 2424 sunt
328 2349 439 2445 signa
467 2346 623 2442 CLXII,
654 2349 785 2445 quibus
815 2348 938 2422 onusti
972 2355 1200 2446 ovantesque
1229 2349 1347 2426 nostri

225 2473 452 2548 Varadinum
470 2474 627 2549 rediere.
648 2473 755 2564 Quod
773 2480 906 2548 uttam
925 2473 1034 2573 pauci
1053 2483 1346 2550 nostrorumten-

227 2609 308 2676 tare
337 2601 524 2694 auderent,
552 2600 704 2676 animati
741 2600 889 2676 fuerant
917 2596 1015 2674 felici
1044 2599 1206 2677 eiusdem
1244 2602 1347 2678 ducis

225 2748 413 2818 successu,
440 2727 544 2803 cuins
573 2725 748 2825 auspiciis
778 2749 850 2800 non
877 2726 931 2801 ita
959 2727 1071 2804 multo
1091 2736 1176 2803 ante
1196 2726 1347 2825 Segedi-

225 2878 311 2930 num
331 2875 462 2928 versus
482 2861 732 2946 excurrerant,
751 2860 789 2928 et
808 2876 887 2928 cum
899 2854 1146 2951 septingentis
1165 2855 1349 2953 equitibus

226 2978 482 3079 Gyulensibus
500 2980 642 3078 praelio
671 2979 916 3072 decertantes,
938 2980 1206 3078 quinquaginta
1225 3005 1349 3058 eorum

224 3107 514 3199 trucidaverant,
534 3115 570 3182 et
589 3129 822 3202 magnacum
840 3105 982 3204 praeda
1001 3107 1199 3182 redierant.
