3625 5534
447 485 526 562 206
849 507 897 558 10.
916 507 1017 560 naen
1036 509 1186 562 asaovn

448 681 638 770 eruditum,
659 689 696 756 et
713 705 781 779 per
800 703 881 756 eum
900 692 1102 778 rogaverat
1119 685 1232 778 illum,
1257 693 1297 760 ut
1325 686 1478 784 aliquas.
1498 687 1572 761 sibi

445 809 560 906 primo
571 830 716 905 quoque
726 817 891 906 tempore
901 810 1029 906 copias
1040 810 1207 886 subsidio
1221 811 1391 886 mitteret
1407 811 1457 902 Is,
1470 813 1567 888 sele·
1717 828 1718 833 ‘

448 937 517 1010 ctis
538 956 585 1008 ex
605 935 703 1008 omni
720 955 869 1010 numero
889 934 1184 1012 millesexeentis
1203 936 1349 1012 circiter
1367 937 1568 1034 cataphra·
1718 1028 1719 1035 Ν

448 1062 528 1152 ctis,
548 1082 614 1137 eos
631 1081 790 1158 propere
809 1060 847 1133 in
858 1057 1174 1159 Trausylvaniam
1191 1062 1293 1136 misit
1307 1059 1464 1138 Alberto
1476 1061 1566 1160 Baj-

449 1188 535 1263 bicb
565 1189 725 1272 ductore,
745 1187 872 1285 plures
894 1211 971 1283 ‚que
1000 1188 1192 1282 missurus,
1220 1190 1253 1264 si
1285 1213 1375 1267 usus
1402 1190 1567 1287 require·

449 1312 1563 1412 retlpsccnmnoncontemnendamanuincastrisadRalro·

447 1463 591 1516 marum
612 1436 786 1530 substitit,
807 1447 843 1513 et
853 1445 1024 1514 eventum
1033 1462 1181 1536 pugnae
1193 1436 1391 1515 Sinauicae
1401 1449 1568 1539 praesto·

448 1567 519 1642 lari
538 1563 675 1640 statuit.
702 1604 739 1612 -
766 1561 883 1660 quue
904 1560 974 1638 hoc
992 1560 1149 1640 consilio
1173 1565 1270 1654 fecit,
1297 1574 1339 1640 ut
1355 1565 1490 1663 partim
1520 1564 1572 1638 in·

450 1689 666 1790 gruentibus
687 1688 862 1763 Tartaris
881 1709 967 1764 sese
996 1699 1209 1786 opponeret,
1239 1691 1302 1788 qui
1329 1691 1471 1787 ingenti
1491 1712 1572 1764 cum

451 1814 679 1894 multitudine
698 1813 785 1888 illac
804 1814 968 1910 erupturi
1000 1815 1225 1908 terebantur,
1254 1815 1389 1912 partim
1417 1837 1506 1891 vero
1535 1821 1575 1889 ut

450 1942 613 2040 Principi
632 1961 678 2016 ac
695 1938 979 2036 Transylvauis,
999 1939 1032 2014 si
1050 1938 1156 2024 forte,
1178 1939 1275 2036 quod
1295 1962 1401 2016 omen
1428 1937 1570 2017 DEVS

449 2075 645 2157 averteret,
673 2062 882 2139 humanitus
912 2063 1000 2161 quid
1024 2065 1100 2140 illis
1120 2067 1361 2166 contingeret,
1390 2075 1571 2141 maturam

449 2217 555 2294 opem
574 2193 708 2268 afferre
727 2198 864 2287 posset.
902 2188 1105 2287 Postquam
1124 2191 1358 2289 cataphracti
1384 2192 1456 2267 iter
1485 2214 1569 2266 coe·

449 2327 590 2419 peruut,
609 2314 735 2391 missis
755 2314 840 2388 aliis
860 2335 973 2410 super
992 2314 1088 2390 alios
1107 2315 1260 2409 nunciis,
1289 2341 1335 2391 ac
1353 2317 1449 2391 inter
1477 2315 1572 2390 alios

450 2443 653 2520 Francisco
663 2439 783 2532 Teke,
803 2440 865 2536 qui
884 2440 939 2515 eis
959 2441 1057 2516 dere
1076 2442 1317 2517 frumentaria
1330 2443 1571 2541 prospiceret,

450 2570 605 2646 subinde
625 2593 649 2642 a
667 2566 838 2662 Principe
853 2565 1159 2658 sollicitabantur,
1178 2576 1219 2643 nt
1236 2568 1335 2642 omni
1353 2565 1571 2666 posthabita

450 2717 552 2769 mora
571 2692 651 2767 dies
670 2699 781 2786 atque
800 2698 928 2767 noctes
956 2692 1026 2767 iter
1054 2694 1316 2784 accelerarent,
1343 2715 1391 2768 ue
1423 2692 1570 2767 occasio

450 2821 545 2895 bene
564 2817 619 2892 rei
637 2821 766 2892 contra
783 2814 915 2890 hostes
933 2815 1120 2910 gerendae
1138 2815 1316 2891 tarditate
1328 2838 1455 2892 eornm
1467 2815 1571 2890 efflu-

450 2953 549 3039 eret,
579 2941 647 3018 sed
664 2940 720 3016 illi
739 2939 850 3016 solito
879 2963 980 3015 more
1000 2942 1137 3017 sensim
1166 2941 1464 3039 pedetentimque
1482 2963 1572 3039 prae

450 3071 613 3171 pondere
631 3088 814 3142 armornm
834 3087 1083 3163 equorumque
1111 3067 1286 3142 tarditate
1313 3068 1569 3165 procedentes,

450 3198 513 3272 vix
532 3203 656 3271 tamen
673 3193 712 3267 in
731 3198 855 3267 castra
874 3200 1083 3267 nostrorum
1102 3214 1318 3291 pervenere.
1346 3193 1464 3268 Pauci
1492 3191 1568 3287 qui-

451 3323 534 3396 dem
563 3341 724 3411 numero,
748 3318 816 3392 sed
843 3319 957 3393 armis
983 3318 1189 3416 animisque
1217 3321 1370 3415 egregie
1388 3317 1570 3412 instructi,

449 3449 503 3523 nti
531 3446 578 3521 ab
607 3445 814 3520 hominibus
842 3443 1064 3521 militaribus
1093 3446 1335 3521 indicabatur.
1375 3442 1570 3520 Subseouti

451 3563 536 3650 sunt
555 3595 620 3648 eos
640 3581 677 3648 et
704 3571 850 3647 ducenti
875 3571 1022 3648 circiter
1040 3574 1184 3669 equites
1194 3572 1315 3650 Italici
1324 3569 1571 3664 selectissimi,

450 3699 689 3796 veteranique
709 3719 835 3773 omues
853 3698 933 3773 fere
952 3696 1170 3792 bellatores,
1198 3719 1290 3794 quos
1312 3694 1570 3773 Perdicaudus

451 3825 611 3922 Magnus
622 3823 821 3900 Hetruriae
831 3823 931 3916 Dux,
953 3823 1177 3922 cumplures
1198 3824 1245 3899 ob
1263 3823 1408 3898 itineris
1427 3820 1570 3916 lougiu-

450 3952 636 4049 quitatem,
655 3948 905 4046 temporisque
924 3949 1146 4025 brevitatem
1164 3949 1309 4024 mittere
1333 3970 1406 4023 non
1433 3944 1571 4044 potuis

450 4086 517 4170 set,
537 4101 581 4152 eo
600 4075 754 4151 consilio
774 4074 822 4150 ad
840 4073 1052 4173 Principem
1070 4074 1223 4151 miserat
1240 4075 1345 4150 Duce
1362 4071 1569 4148 Francisco

451 4200 713 4296 Picolomineo,
733 4209 772 4277 ut
790 4199 999 4298 legatorum
1023 4199 1144 4295 magis
1174 4207 1312 4296 partes,
1342 4221 1451 4295 quam
1479 4194 1570 4270 mili·

450 4338 524 4407 tem
543 4337 708 4428 agerent.
731 4327 881 4402 Interim
903 4326 1023 4401 edicto
1045 4325 1229 4423 Principis
1248 4330 1500 4401 convenerunt
1521 4344 1569 4397 ex

452 4455 620 4532 omnibus
640 4452 861 4531 Provinciae
881 4452 1050 4552 partibus
1074 4475 1148 4528 non
1176 4450 1295 4525 solum
1323 4447 1452 4546 copiae
1479 4445 1571 4520 mili·

451 4589 563 4670 tares,
584 4579 652 4653 sed
672 4588 709 4654 et
729 4601 855 4654 omnes
875 4579 937 4676 qui
956 4579 1160 4654 nacmndis
1189 4576 1303 4651 armis
1331 4573 1455 4649 idonei
1481 4569 1572 4644 iudi-

453 4713 632 4780 carentur.
655 4705 697 4779 ln
718 4705 787 4778 hoc
808 4713 929 4779 tameu
959 4704 1102 4778 delectu
1131 4709 1317 4778 servatum
1337 4707 1395 4774 est
1422 4695 1572 4794 aliquod
