3625 5534
525 549 576 598 nu
593 547 675 599 nnn.
696 546 780 599 vno.
798 547 881 600 nnc.
900 547 938 602 x.
956 547 990 598 n.
1009 547 1045 598 x.
1270 523 1348 603 259

225 720 483 817 nonnullisque
500 721 716 813 interfectis,
745 729 783 795 et
809 721 954 817 magnis
981 721 1079 796 ultro
1097 720 1214 796 illatis
1234 719 1346 798 detri-

223 844 358 919 mentis
376 844 416 918 in
434 846 608 943 oppidum
627 872 651 922 a
668 845 808 922 nostris
826 845 1100 922 reiiciebantnr.
1140 842 1247 936 Quae
1265 845 1350 922 dnm

225 979 422 1068 geruntur,
450 993 537 1047 ecce
564 995 702 1069 magna
720 971 967 1049 Tartarornm
993 993 1124 1046 manns
1151 961 1198 1047 ex
1215 971 1351 1072 impro-

225 1097 307 1171 viso
335 1097 475 1172 nostris
505 1099 738 1196 supervenit,
766 1099 981 1196 ingentique
1010 1099 1172 1172 clamore
1201 1098 1349 1174 sublato

227 1222 362 1298 castris
394 1223 603 1320 adequitat,
641 1233 679 1299 ct
696 1224 911 1300 immensam
929 1223 1105 1300 'telorum
1135 1223 1209 1298 vim
1234 1199 1353 1300 instar

225 1346 339 1422 nimbi
356 1348 395 1422 in
412 1355 561 1425 nostros
581 1349 753 1436 effundit3
788 1357 866 1423 tum
886 1371 975 1424 vero
995 1349 1114 1425 nostri
1133 1348 1277 1425 demum
1295 1372 1352 1425 er·

224 1495 347 1549 rorem
365 1475 561 1550 militarem
579 1482 824 1570 agnoverunt,
853 1482 891 1549 et
908 1496 983 1550 non
1002 1481 1088 1549 ante
1109 1473 1350 1550 obsidendam

226 1598 355 1673 urbem
381 1600 475 1674 tanti
503 1601 676 1674 momenti
702 1600 820 1674 fnisse
847 1599 1204 1692 animadverterunt,
1242 1621 1353 1698 quam

229 1723 431 1799 auxiliares
452 1725 658 1799 Turcarnm
679 1724 971 1800 Tartarorumve
990 1723 1119 1821 copias
1137 1725 1352 1822 propulsas·

227 1855 330 1941 sent,
368 1849 736 1946 circumiacentiaqne
775 1849 935 1924 castella
973 1849 1169 1947 cepissent.
1208 1845 1284 1924 Sed
1309 1869 1354 1923 eo

228 1980 352 2048 errato
369 1997 443 2050 non
462 1974 634 2066 contenti,
653 1976 809 2049 alterum
837 1974 950 2049 etiam
970 1972 1152 2072 superiori
1170 1973 1354 2066 adiiciunt,

229 2105 267 2173 ct
300 2119 383 2174 cnm
411 2099 552 2176 eductis
580 2099 774 2175 confestim
812 2099 930 2197 copiis
959 2099 1142 2173 Tartarus
1170 2097 1355 2196 repellere

230 2220 417 2319 deberent,
443 2226 482 2300 in
510 2225 645 2300 castris
673 2247 715 2300 se
744 2225 951 2317 continent,
978 2247 1023 2299 ac
1050 2223 1144 2299 satis
1168 2244 1356 2322 superque

229 2348 301 2423 rati
318 2349 410 2442 fore,
437 2350 469 2424 si
490 2357 619 2426 contra
637 2349 861 2447 irruptiones
881 2348 1099 2424 Tartaricas
1119 2370 1203 2424 sese
1233 2347 1355 2425 defen-

232 2473 370 2568 derent,
406 2476 623 2552 obsidentes
642 2476 869 2552 obsidentur.
911 2475 1064 2551 Tartari
1092 2475 1249 2573 sumptis
1279 2475 1356 2551 ani-

229 2599 309 2693 mis,
330 2608 368 2676 et
386 2625 520 2698 magno
541 2624 710 2677 curruum
730 2602 982 2677 onerariorum
995 2601 1198 2696 (numero),
1219 2601 1353 2699 quibus

233 2732 458 2802 commeatus
486 2728 795 2826 apportabantnr,
813 2727 900 2803 item
931 2727 1136 2825 agrestium
1163 2726 1358 2818 hominum,

231 2855 340 2947 atque
372 2850 616 2928 iumentorum
652 2860 870 2928 nostrorum·
901 2851 1059 2928 abducto
1096 2850 1356 2949 pabulationes

231 2985 268 3050 et
285 2989 511 3055 commeatus
529 2978 775 3077 intercipiunt,
798 2984 836 3054 et
855 2987 986 3053 cuncta
1005 2977 1243 3052 circumcirca
1271 2977 1354 3053 loca

232 3098 322 3176 diris
340 3103 621 3179 excursionibus
640 3102 778 3179 infesta
796 3104 964 3179 reddunt
984 3101 1056 3177 His
1067 3101 1181 3176 rebus
1200 3100 1272 3176 dno
1290 3123 1357 3198 po·

229 3224 411 3301 tissimum
430 3228 620 3304 consecuti
639 3228 760 3303 fuere:
781 3229 878 3304 Nam
897 3235 935 3303 et
944 3226 1112 3301 obsessis
1133 3223 1352 3301 animosad·

233 3350 414 3446 didernnt,
433 3359 471 3428 et
489 3353 745 3429 obsidentibus
764 3359 945 3429 terrorem
954 3375 1028 3427 non
1047 3350 1220 3448 exiguum
1238 3350 1356 3426 nom-

231 3484 367 3553 sernnt
406 3478 539 3573 Itaque
568 3479 690 3554 nostri
717 3479 756 3553 in
784 3499 947 3553 summas
976 3475 1170 3572 angustias
1199 3473 1353 3568 redacti,

231 3624 299 3677 nec
317 3603 628 3700 oppugnationem
646 3603 761 3696 urbis,
790 3626 836 3679 ea
864 3627 938 3700 qna
957 3603 1145 3679 debebant
1163 3599 1358 3676 commodi·

233 3733 310 3802 tate
338 3733 511 3824 poterant
538 3729 762 3824 continuare,
792 3737 830 3804 et
856 3729 1122 3805 commeatibus
1151 3731 1352 3827 coeperant

232 3850 269 3926 in
288 3851 370 3928 dies
388 3854 509 3950 magis
528 3862 640 3951 atque
658 3854 780 3950 magis
799 3853 967 3931 deficere.

339 3975 520 4076 Princeps
540 3981 709 4076 quamvis
736 3989 792 4056 tot
810 3982 972 4080 undique
991 3977 1270 4055 difficultatibus
1287 3999 1357 4077 per

232 4101 363 4178 ducum
379 4103 602 4201 imperitiam
623 4104 905 4196 conflictaretur,
925 4113 1049 4182 tamen
1066 4102 1277 4180 instandum
1294 4101 1358 4178 ad·

232 4225 303 4304 buc
320 4232 428 4304 ratus
448 4227 576 4302 statuit
603 4229 917 4328 oppugnationem
945 4237 1110 4306 exnemo
1141 4234 1275 4304 conatu
1292 4249 1356 4304 ex·

232 4351 357 4450 periri.
394 4353 527 4450 Itaque
556 4375 638 4426 cnm
665 4353 915 4454 amplissimus
933 4377 1001 4453 per
1027 4353 1155 4431 ruinas
1173 4371 1358 4460 murorum

233 4478 355 4554 aditus
373 4485 505 4576 patere
523 4479 816 4576 conspiceretur:
856 4481 1078 4578 quingentos
1107 4478 1254 4554 circiter
1282 4501 1356 4576 qua

235 4607 392 4704 equites,
411 4626 485 4702 qna
502 4605 647 4703 pedites
666 4607 805 4703 seligit,
824 4606 945 4707 iisqne
964 4609 1141 4685 ducentos
1153 4603 1296 4698 Scotos,
1321 4609 1359 4678 et

230 4733 392 4832 aliquam
421 4727 692 4808 Germanorum
719 4733 884 4834 peditum
914 4759 1059 4814 manum
1088 4731 1265 4830 adiungit.
1307 4726 1359 4804 Hi

1190 4869 1254 4944 ll·
