3625 5534
617 567 618 572 1
658 517 697 584 is
720 517 861 586 rruruulu
1248 517 1337 586 XLV

228 705 342 782 saltem
361 705 481 781 obiter
510 703 811 804 percurrerimus,
842 725 913 780 nec
933 699 1018 800 plns
1039 702 1216 802 temporis
1235 701 1338 779 bisce

228 831 417 930 Παρέργοις
444 829 655 930 impendere
683 829 745 906 vel
763 829 909 906 licuerit
935 831 996 906 vel
1022 828 1134 906 etiam
1153 830 1333 907 libuerit:

111 937 112 940 Ὺ
227 960 329 1051 velim,
365 958 538 1058 quicquid
565 956 743 1032 bicorne
761 964 954 1055 peccatum
977 966 1046 1048 est,
1084 958 1334 1057 acquirerem

227 1087 470 1163 acsbmatorea
497 1083 736 1161 humanitatis
765 1081 880 1182 pallio
909 1083 1094 1177 inducant,
1124 1107 1265 1185 suaque
1283 1086 1335 1160 in-

227 1213 364 1308 dustria,
384 1236 467 1290 cum
485 1209 644 1288 inventis
663 1209 800 1287 addere
817 1233 888 1286 non
908 1209 1059 1288 difficile
1079 1213 1137 1303 sit,
1157 1213 1221 1290 ubi
1239 1214 1339 1289 facto

226 1363 307 1438 opus
324 1349 392 1426 eat,
412 1339 612 1436 corrigant.

317 1464 425 1558 Quod
444 1465 476 1541 si
494 1463 659 1555 fecerint,
679 1471 738 1539 est
756 1463 854 1562 quod
872 1463 962 1540 mibi
981 1466 1160 1560 gratuler,
1178 1466 1337 1543 erudito-

224 1611 361 1689 rumqne
388 1591 525 1668 iudicia
553 1589 678 1685 magni
705 1589 850 1665 faciam.
879 1586 948 1665 Sin
966 1591 1109 1668 minus:
1134 1615 1192 1668 me
1211 1599 1336 1668 tamen

224 1714 318 1793 buius
346 1719 490 1794 laboris
518 1717 683 1817 suscepti
712 1716 858 1792 minime
895 1717 1110 1816 poenitebit.
1151 1720 1248 1797 Nam
1275 1728 1339 1798 ant

223 1844 343 1941 optime
362 1845 450 1920 mibi
477 1844 645 1922 conscius
681 1843 948 1939 vitiligatorum
985 1845 1191 1922 calumnias
1226 1844 1337 1923 facile

224 1979 448 2066 contemnam,
467 1979 532 2047 aut
549 1971 657 2046 huius
678 1971 824 2068 opellae
843 1971 988 2049 blomos
1012 1979 1124 2070 atque
1142 1971 1270 2049 Zoilos
1289 1971 1337 2047 ad

224 2095 344 2170 similia
361 2098 425 2174 rel
443 2097 552 2173 ctiam
571 2097 712 2174 maiora
731 2097 883 2204 felicius
895 2099 1083 2190 tentanda,
1102 2122 1199 2197 quac
1217 2099 1337 2176 adbuc

223 2241 355 2322 semper
374 2247 537 2300 meorum
556 2225 594 2300 in
612 2225 681 2301 tali
699 2248 839 2322 genere
857 2225 1149 2302 lucubrationum
1168 2249 1281 2325 prora
1298 2234 1337 2301 et

222 2350 344 2447 puppis
371 2351 451 2442 luit,
479 2373 559 2426 curu
588 2349 736 2447 publico
764 2351 819 2426 rei
848 2351 1037 2428 literariae
1055 2353 1152 2429 bono
1170 2353 1232 2452 pie
1250 2353 1333 2428 irri-

222 2475 306 2548 tabo.

420 2615 502 2684 Vive,
515 2617 589 2686 vale,
602 2631 637 2674 ac
649 2617 673 2672 si
687 2617 755 2688 qnid
768 2615 874 2674 novisti
888 2617 993 2674 rectius
1005 2617 1077 2689 istis,

419 2706 505 2764 Vtere
518 2713 549 2764 tu
564 2713 657 2764 tecum
671 2731 677 2764 r
691 2707 721 2764 Si
739 2727 814 2764 non:
828 2707 872 2764 hia
886 2715 968 2764 utere
980 2728 1098 2764 mecum.

744 3040 790 3113 ΙΙ.

629 3246 887 3314 unlsuwflou

336 3465 378 3512 AD
394 3465 594 3514 mentientur
610 3465 832 3512 bottontinum
847 3465 1008 3512 naitonum
1026 3467 1073 3511 ΒΕ
1089 3465 1202 3533 diuus,

219 3549 458 3618 (remorationem
471 3555 507 3609 da
521 3553 757 3624 Magnanimitatc
770 3553 906 3626 scriptam
921 3559 951 3609 et
963 3555 1110 3611 recitatam
1123 3553 1323 3629 Wittcbergae

558 3648 592 3701 A.
605 3643 820 3701 Manxxlx
833 3647 956 3711 aderet).

265 3828 405 3931 Aspice,
424 3820 542 3910 lector
561 3831 688 3922 amice,
707 3830 820 3907 animi
838 3832 884 3907 dc
902 3854 1053 3909 munere
1071 3834 1199 3930 magni

310 3957 489 4058 Quicquid
508 3959 621 4036 babet
630 3959 788 4050 Latium,
809 3955 974 4036 Graecia
993 3958 1166 4058 quicquid
1186 3959 1322 4034 babet:

265 4081 331 4160 Ast
346 4093 396 4182 tu,
417 4084 690 4185 Forgacbidum
709 4105 798 4184 spes
818 4084 987 4178 maxima,
1006 4086 1068 4184 qui
1088 4086 1191 4161 canis
1209 4086 1293 4174 ista,

311 4209 413 4288 Haeo
431 4212 560 4290 cadem
579 4220 617 4288 et
633 4211 764 4304 facias,
784 4219 821 4288 te
840 4211 938 4311 quod
957 4211 1006 4288 ad
1023 4221 1127 4288 astra
1145 4213 1265 4288 vebat.

263 4335 413 4432 Magnus
433 4363 475 4414 es
493 4338 655 4436 ingenio,
676 4338 793 4415 maior
812 4339 1021 4428 virtutibus,
1039 4347 1100 4413 ast
1122 4346 1161 4413 ut

311 4465 471 4540 Maxima
488 4474 525 4540 tc
544 4466 670 4565 cingat
688 4464 820 4562 gloria,
843 4488 979 4560 magna
995 4477 1113 4562 petas.

855 4586 975 4642 loannes
986 4581 1113 4642 Decaiua

696 4675 724 4730 io
739 4675 899 4747 symbolum
914 4674 1029 4732 debitae
1043 4677 1253 4735 observantiae.

661 4841 664 4846 .
701 4841 725 4848 ..-
732 4841 773 4848 —u
780 4841 808 4848 -ι-
815 4841 845 4848 .-
