3625 5534
475 499 528 575 48
896 519 944 571 10.
963 519 1064 572 nucu
1082 517 1232 571 annosus

477 697 663 774 senatorio
692 693 890 770 Paneratio
918 691 1076 772 Senueio
1105 694 1154 770 ad
1171 692 1210 769 id
1234 691 1397 782 delecto,
1426 687 1533 765 olaro
1564 693 1603 762 et

475 824 655 900 industrio
669 823 761 916 viro,
771 820 895 897 datum
903 821 1089 918 negotium
1108 821 1185 914 tuit,
1196 825 1237 894 ut
1247 799 1505 920 perfuncturus
1526 814 1603 888 hoo

477 949 575 1050 apud
592 946 769 1026 Siuanum
786 969 948 1038 munere,
967 947 1059 1023 nihil
1078 968 1203 1024 eorum
1221 944 1355 1044 reliqui
1372 943 1541 1030 iaceret,
1562 945 1602 1014 et

477 1074 665 1174 rogando,
691 1082 728 1151 et
745 1074 956 1150 muneribus
975 1098 1021 1149 ae
1038 1072 1233 1172 promissis
1252 1095 1396 1172 quoque
1412 1067 1604 1146 hominem

479 1201 702 1287 deliniendo,
722 1201 854 1300 quibus
873 1180 1105 1278 vacationem
1123 1202 1169 1278 ab
1188 1200 1260 1275 hao
1277 1198 1425 1290 militia,
1445 1193 1509 1270 vel
1527 1195 1604 1268 hoo

479 1331 611 1407 saltem
630 1328 716 1406 anni
734 1324 899 1427 tempore
921 1327 1025 1414 bello
1053 1323 1217 1424 gerendo
1236 1322 1475 1413 incommodo,
1494 1319 1605 1394 Prin·

460 1456 553 1554 ·oipi
570 1455 795 1555 impetraret.
816 1453 874 1528 Ao
891 1460 932 1529 ut
952 1454 1156 1531 orationem
1173 1448 1602 1538 habereteffieaoiorem,

481 1581 607 1658 (leuem
623 1581 739 1658 millia
756 1578 983 1672 tallerorum,
1003 1602 1098 1678 quae
1113 1573 1252 1656 Sinano
1271 1602 1352 1654 oum
1371 1576 1456 1653 aliis
1474 1595 1604 1650 mune-

480 1711 584 1787 ribus
601 1705 783 1806 preioosis
793 1706 952 1797 offerret,
964 1705 1053 1782 <lata
1063 1705 1098 1782 ei
1115 1705 1231 1798 tuere,
1252 1704 1397 1803 quibus,
1416 1702 1449 1777 si
1467 1705 1605 1800 optata

481 1837 529 1913 ab
553 1855 598 1910 eo
624 1839 929 1930 consequeretur,
962 1853 1037 1906 non
1055 1829 1279 1930 duplicatum
1306 1830 1486 1906 duntaxat
1517 1849 1605 1901 eum

481 1982 687 2052 numerum,
713 1957 860 2034 sedvel
878 1957 1102 2056 triplicatum
1121 1958 1230 2034 etiam
1261 1957 1606 2058 superadieoturum
1664 2037 1667 2042 ,

481 2110 567 2166 esse
586 2086 806 2185 Principem,
824 2085 1087 2185 paeiseeretur.
1109 2085 1259 2161 Interim
1279 2108 1359 2160 oum
1378 2083 1462 2161 aliis
1486 2075 1604 2158 etiam

472 2222 613 2314 'ageret
629 2211 864 2289 interioribus
892 2208 1022 2286 Sinani
1050 2211 1202 2302 amieis,
1227 2232 1366 2309 eosque
1394 2210 1500 2284 donis
1521 2230 1605 2282 eor-

482 2350 623 2441 ruptos,
642 2361 698 2432 eo,
717 2338 921 2437 quovellet,
941 2335 1091 2413 flectere
1110 2344 1316 2424 oona'retur,
1328 2379 1380 2387 —
1399 2334 1606 2422 nandonis,

483 2489 556 2542 non
574 2463 835 2564 largitionibus
854 2470 1038 2563 paroeret,
1057 2463 1166 2544 modo,
1182 2483 1263 2540 eam
1273 2486 1360 2559 rem,
1375 2463 1477 2538 ouius
1495 2468 1604 2536 tauto

486 2613 612 2670 omnes
632 2589 818 2668 desiderio
838 2596 1062 2684 tenerentur,
1082 2589 1153 2664 hae
1171 2590 1312 2666 ratione
1331 2589 1537 2688 perficeret.
1557 2591 1605 2666 Iu

485 2717 642 2794 comitiis
660 2723 804 2804 autem,
833 2738 929 2814 quae
948 2716 1090 2809 Albae,
1115 2725 1155 2794 nt
1173 2716 1211 2792 in
1228 2726 1333 2794 tauta
1350 2717 1405 2792 rei
1424 2717 1605 2804 novitate,

327 2917 332 2924 .
485 2844 580 2920 satis
607 2841 815 2940 frequentia
845 2840 1011 2936 luerunt,
1038 2865 1147 2919 unum
1173 2843 1244 2920 hoo
1272 2844 1410 2920 onnofis
1434 2843 1608 2943 proposi

485 2978 561 3047 tum
579 2969 649 3046 tuit
666 2969 716 3043 ad
733 2966 1028 3061 deliberandum,
1057 2970 1144 3070 quid
1170 2971 1209 3045 in
1226 2972 1319 3047 tanti
1345 2970 1435 3046 belli
1455 2970 1606 3059 ardore,

487 3095 787 3174 concurrentibus
814 3096 910 3171 inter
928 3118 970 3172 se
989 3097 1101 3174 totius
1129 3096 1300 3186 orientis,
1329 3091 1607 3194 occidentisque

487 3225 633 3324 opibus,
653 3223 953 3322 Transylvaniae
981 3223 1149 3324 populis,
1169 3223 1231 3321 qui
1251 3220 1489 3302 aSolimauni
1508 3219 1606 3298 Cae-

487 3349 585 3424 saris
595 3348 821 3447 temporibus
831 3350 901 3424 sub
913 3349 1118 3425 Turoarum
1137 3349 1292 3449 imperio
1304 3350 1479 3432 viverent,
1491 3373 1607 3446 agen-

489 3473 572 3549 dum
589 3471 785 3548 videretur.

846 3757 1021 3839 OAPV'I'
1051 3758 1247 3840 NONVM.

495 3921 633 4016 Oratio,
652 3934 685 3996 et
703 3923 896 3998 sententiae
916 3949 1046 4018 eoram,
1067 3928 1131 4022 qui
1152 3952 1175 3998 a
1199 3921 1347 3998 ibreico
1367 3916 1527 4020 Imperio
1547 3949 1608 3999 ae·

675 4073 853 4148 pnoqaem
872 4045 1109 4146 deficiendum
1128 4073 1198 4123 erse
1217 4049 1417 4122 reverebant.

598 4207 767 4286 Comitiis
777 4210 890 4308 igitur
908 4212 978 4286 rite
996 4210 1205 4306 celebratis,
1221 4232 1347 4287 omnes
1358 4208 1514 4286 omnium
1525 4231 1610 4286 sen-

490 4335 628 4412 tentiae
646 4336 684 4411 iu
702 4336 774 4414 duo
793 4331 943 4413 diversa
962 4335 1098 4413 abiere.
1128 4336 1304 4413 Nonnulli
1322 4337 1428 4430 enim,
1447 4335 1612 4412 authori·

492 4464 562 4540 bns
587 4464 744 4540 maxime
773 4461 989 4541 Alexandro
1018 4464 1187 4556 Kendio,
1218 4464 1421 4541 Franoisoo
1444 4461 1612 4554 Kendio,

411 4671 416 4681 ,
491 4589 708 4687 Voltgango
727 4589 982 4665 Kouaehiooio
1001 4587 1247 4681 Oanoellario,
1269 4591 1330 4688 qui
1350 4588 1536 4690 principes
1564 4613 1613 4664 ea

493 4724 711 4812 tempestate
730 4724 884 4791 senatus
902 4715 1094 4812 prudentia
1104 4715 1346 4810 habebantur,
1369 4714 1536 4791 omnibus
1556 4716 1612 4791 iu-
