3625 5534
458 495 535 572 110
856 519 905 569 ro.
927 517 1029 582 pron
1047 519 1197 572 snsovrr

454 694 613 781 dubium,
642 692 727 788 quin
757 691 932 766 facillimo
961 695 1123 787 negotio,
1153 696 1189 768 in
1220 697 1351 770 iisdem
1372 699 1517 795 alpibus
1540 699 1586 772 ad

454 843 562 894 unum
583 841 708 894 omnes
726 817 995 908 circumveniri,
1008 820 1185 916 caedique
1197 797 1357 897 Barbari
1367 823 1586 921 potuissent.

456 919 756 1039 Emergentibus,
772 951 810 1018 et
828 951 980 1040 praeter
999 966 1102 1042 spem
1123 970 1268 1045 quoque
1297 971 1401 1023 suam
1431 949 1587 1024 evaden-

456 1072 556 1147 tibus
574 1071 621 1146 iis
651 1094 696 1145 ex
735 1068 801 1144 illa
838 1068 977 1165 alpium
1005 1069 1233 1168 difficultate,
1261 1074 1499 1174 Huztinoque
1526 1097 1588 1172 op·

456 1197 543 1294 pido
561 1196 832 1271 Marmarusiae
850 1195 1244 1294 appropinquantibus,
1264 1198 1413 1299 Oaspar
1431 1201 1587 1286 Korma,

460 1322 676 1398 Praefectus
697 1322 794 1396 arnis
813 1321 1050 1414 Huztionsis‚
1080 1347 1160 1398 ourn
1180 1326 1361 1400 subitaria
1380 1326 1506 1402 statim
1525 1327 1588 1399 mi-

457 1449 559 1523 litum
578 1472 688 1523 manu
707 1446 875 1538 occurrit,
895 1454 934 1521 et
952 1470 1032 1522 oum
1051 1449 1168 1545 primo
1188 1450 1226 1524 in
1244 1473 1308 1526 eos
1328 1452 1467 1549 impetu
1485 1452 1587 1526 fanto

457 1583 717 1652 antecursores
746 1596 871 1649 eorum
898 1572 1148 1670 profligasset,
1178 1585 1310 1676 postea
1339 1577 1588 1653 oonourrsnti·

458 1705 529 1777 bus
547 1700 706 1797 undique
726 1699 917 1790 Barbaris,
937 1707 974 1774 et
992 1700 1166 1776 universo
1186 1726 1231 1776 ex
1252 1703 1587 1802 alpibusexeroitn

457 1832 679 1921 emergente,
701 1824 819 1912 fusus,
848 1829 960 1920 atque
988 1825 1150 1920 fugatus,
1178 1828 1252 1918 vix,
1281 1828 1405 1902 multis
1437 1850 1587 1902 suorum

456 1952 616 2045 amissis,
635 1951 673 2024 in
691 1973 813 2023 aroem
833 1970 874 2023 se
892 1948 1060 2046 recipere
1079 1952 1208 2048 potuit.
1230 1955 1320 2028 Inde
1330 1957 1444 2028 misso
1454 1961 1587 2052 postea

455 2079 580 2155 statim
608 2077 750 2166 nuncio,
779 2097 847 2150 sex
876 2099 991 2172 equos
1013 2076 1160 2171 iugales
1190 2071 1409 2170 cumcurm,
1438 2079 1587 2175 aliaque

454 2205 612 2303 tempori
648 2226 693 2277 ao
729 2201 892 2276 moribus
921 2202 1164 2277 barbarorum
1204 2205 1482 2280 accommodata
1511 2226 1587 2278 mu·

403 2342 406 2347 “
455 2357 546 2409 nera
565 2330 706 2406 Ohamo
726 2330 843 2419 offert,
863 2352 1018 2426 eumque
1045 2330 1285 2406 vehementer
1305 2339 1397 2422 orat,
1429 2338 1470 2405 ut
1500 2351 1588 2427 quo·

455 2462 554 2535 niam
571 2459 666 2533 haee
683 2456 875 2556 provincia
894 2457 964 2531 sub
983 2456 1102 2532 tutela
1121 2455 1300 2533 Caesaris
1330 2469 1443 2551 esset,
1472 2456 1532 2533 cui
1552 2460 1589 2530 et

455 2583 528 2683 ipsi
548 2605 699 2681 operam
719 2604 824 2656 suam
843 2590 1034 2674 navarent,
1062 2593 1260 2679 parcerent
1287 2583 1421 2660 ineolis
1449 2591 1589 2688 terrae¹

347 2717 352 2726 ’
457 2733 571 2807 seque
599 2709 637 2782 iu
664 2706 757 2781 fines
777 2695 971 2804 Vngariae
1000 2709 1233 2808 ditioresque
1262 2711 1423 2787 hostium
1443 2712 1588 2785 eonfer-

457 2846 550 2912 rent.
571 2835 737 2910 Paruere
765 2834 917 2910 barbari
931 2837 1142 2933 postulatis,
1161 2838 1319 2914 maxime
1338 2837 1588 2925 hoooonsiiio‚

457 2987 504 3038 ne
532 2963 818 3060 Transylvanos
844 2959 882 3034 in
910 2966 986 3035 tarn
1016 2961 1136 3038 alieno
1163 2969 1330 3060 tempore
1358 2989 1381 3038 a
1407 2961 1587 3038 Caesaris

457 3064 618 3188 Imperio
647 3086 916 3178 abalienarent,
943 3086 1103 3185 indeque
1129 3088 1260 3185 pausis
1297 3088 1442 3164 omnino
1469 3087 1588 3161 illatis

458 3215 688 3292 detrimentis
708 3212 991 3310 Megyiesinum,
1011 3213 1108 3309 quod
1124 3219 1259 3287 vocant
1279 3220 1458 3302 auratum,
1477 3211 1515 3286 in
1535 3211 1589 3286 di·

456 3343 592 3422 tiouem
620 3337 847 3434 Vugarioam
882 3339 1104 3436 irruperunt.
1160 3340 1252 3415 Inde
1290 3342 1401 3436 longe
1438 3341 1588 3434 lateque

459 3464 639 3563 dispersis
659 3464 818 3560 equitum
837 3463 918 3538 alis.
937 3486 1018 3539 oum
1036 3465 1117 3562 ipse
1138 3463 1301 3541 Chamus
1319 3487 1400 3540 eum
1420 3463 1590 3539 solentis·

458 3593 552 3667 sima
571 3588 755 3664 exereitus
773 3574 891 3686 parte,
910 3589 949 3662 in
967 3589 1087 3666 medio
1117 3613 1159 3666 se
1187 3591 1472 3666 fortissimorum
1496 3589 1590 3664 mili·

458 3727 533 3795 tum
553 3715 757 3800 continens,
777 3722 917 3790 reotum
945 3714 1018 3790 iter
1045 3715 1226 3808 tenderet,
1257 3716 1486 3793 thedinum
1505 3740 1588 3791 ver·

460 3867 536 3936 sus,
557 3843 715 3939 indeque
744 3842 840 3916 inter
877 3840 1056 3916 Kalioum
1086 3848 1123 3915 et
1142 3842 1415 3918 Debreozinum
1437 3841 1474 3917 in
1494 3841 1589 3916 fines

458 3970 641 4044 Tureioae
658 3965 923 4042 iurisdictionis
941 3966 1154 4060 incolumes,
1173 3967 1302 4064 pausis
1321 3967 1481 4058 amissis,
1502 3989 1589 4042 eva·

457 4118 552 4172 sere.
571 4092 837 4169 Inaudiverant
856 4090 1003 4196 quidem
1022 4090 1206 4167 Prooeres
1225 4092 1428 4189 Vngariao,
1456 4093 1585 4187 ingen·

456 4229 531 4296 tem
550 4221 795 4295 Tartarorum
813 4217 1079 4294 multitudinem
1110 4241 1157 4292 ex
1185 4217 1378 4294 Moldavia
1406 4217 1589 4295 adversus

434 4355 500 4422 'se
519 4345 734 4436 adventare,
754 4344 821 4418 sed
830 4342 1018 4441 Principis
1030 4340 1285 4451 Transylvani
1301 4342 1497 4441 promissis
1508 4367 1591 4420 oon·

459 4469 528 4564 fisi,
557 4494 791 4568 nequaquam
821 4471 1023 4546 credebant
1060 4469 1141 4544 fieri
1179 4492 1302 4568 posse,
1331 4478 1370 4546 ut
1406 4472 1591 4547 transitus

456 4595 552 4694 ipsis
563 4620 630 4694 per
641 4595 944 4694 Transylvaniae
954 4597 1047 4670 fines
1058 4596 1332 4671 oonooderetur.
1346 4594 1421 4670 Sed
1431 4619 1514 4672 oum
1524 4597 1592 4672 illa

456 4721 552 4795 inter
573 4721 796 4819 Principem,
826 4733 864 4797 et
882 4720 1129 4798 Consiliarios
1159 4723 1342 4797 eontentio
1372 4722 1592 4813 exarsisset,
