3625 5534
446 525 458 546 ·
483 519 532 569 nr
550 519 632 572 ass.
651 519 735 571 vnn.
754 519 884 573 ouem.
903 521 938 572 s.
960 521 1008 572 ιν.
1276 497 1326 574 81

214 702 273 770 aut
288 695 444 769 alterum
465 691 570 786 diem,
589 693 819 769 obsidionem
838 695 1093 791 toleraturum,
1114 719 1187 792 qua
1207 701 1330 794 capta,

214 841 462 916 quamcunque
482 820 571 894 belli
598 821 780 895 rationem
803 822 908 918 sequi
937 819 1062 917 velint,
1091 821 1171 897 sive
1190 821 1229 896 in
1248 818 1330 897 loco

214 967 369 1032 manere,
390 945 471 1019 sive
491 944 703 1019 continuare
722 945 926 1036 victoriam,
945 946 1067 1020 omnia
1085 945 1123 1020 iu
1134 968 1333 1044 eorumpo·

214 1078 346 1145 testate
364 1070 503 1163 futura,
520 1071 623 1145 solus
642 1070 860 1147 Hardekius
879 1071 952 1146 sibi
973 1096 1098 1148 curam
1117 1071 1208 1148 belli
1237 1094 1333 1146 com·

213 1195 360 1269 missam
381 1218 564 1292 asserere,
582 1219 657 1271 non
676 1195 725 1269 ad
742 1199 855 1272 urbes
876 1197 1114 1274 obsidendas.
1131 1220 1172 1274 se
1191 1197 1334 1296 proiec—
1365 1183 1370 1192 ’

213 1329 298 1413 tum,
318 1319 387 1395 sed
404 1322 452 1395 ad
471 1345 548 1398 rem
564 1321 657 1396 ioris
676 1345 757 1397 cum
774 1322 945 1399 hostibus
955 1324 1167 1420 gerendam,
1185 1323 1235 1398 ad
1251 1345 1336 1422 pro-

214 1445 406 1545 pellendos
427 1469 492 1520 eos
510 1471 534 1522 a
551 1446 698 1540 finibus,
718 1449 766 1522 ad
784 1448 1012 1546 provinciam
1031 1450 1079 1524 ab
1100 1471 1224 1524 eorum
1239 1456 1337 1523 metu

214 1571 453 1670 liberandam,
471 1574 509 1647 id
527 1597 570 1649 se
588 1575 662 1649 Dei
680 1576 859 1652 beuelicio
870 1587 1091 1670 assecutum,
1101 1575 1139 1650 id
1147 1576 1222 1652 iam
1231 1565 1340 1674 pensi

216 1699 365 1796 habere,
393 1708 434 1774 ut
450 1700 652 1775 incolumes
671 1725 758 1778 suos
772 1702 917 1778 domum
936 1701 1099 1778 reducat.
1119 1705 1180 1777 Ita
1198 1703 1338 1778 frustra

218 1826 300 1901 aliis
319 1828 357 1900 iu
377 1826 599 1902 contrarium
618 1828 830 1913 nitentibus,
859 1830 968 1905 unius
996 1829 1153 1905 bominis
1178 1830 1338 1928 pertina-

219 1952 341 2045 ciaet
364 1951 569 2051 proditoria
596 1955 766 2047 amentia,
804 1956 944 2031 amissa
980 1980 1026 2031 ea
1062 1956 1249 2053 gerendae
1286 1955 1341 2029 rei

220 2080 475 2178 opportunitas
492 2080 572 2175 ruit,
591 2104 666 2177 qua
687 2082 834 2176 Turcis,
854 2083 916 2179 qui
936 2081 1064 2157 Bndae
1080 2090 1117 2155 et
1135 2080 1227 2157 alibi
1237 2103 1284 2156 ex
1294 2102 1341 2154 ea
1427 2117 1430 2124 ⁴

220 2205 381 2281 Danubii
398 2215 506 2304 parte
524 2207 561 2280 iu
579 2203 779 2304 praesidiis
799 2216 917 2306 eraut,
944 2209 994 2282 ad
1020 2208 1185 2283 ultimam
1210 2206 1342 2281 virium

221 2331 515 2431 desperationem
551 2339 638 2428 post
665 2353 748 2438 eam
776 2342 966 2430 acceptam
997 2331 1141 2407 cladem
1168 2330 1346 2424 redactis,

222 2481 299 2533 cum
317 2458 403 2556 ipsa
422 2457 529 2553 regia
545 2458 649 2543 urbe,
668 2457 800 2553 ingens
829 2466 1013 2535 terrarum
1040 2466 1182 2534 tractus
1210 2479 1344 2556 pauco·

223 2610 296 2663 rum
317 2584 459 2659 dierum
479 2587 599 2684 spatio
620 2585 833 2681 recuperari
853 2585 1047 2682 potuisset.
1075 2585 1179 2682 Ergo
1199 2582 1347 2657 ductum

224 2709 426 2803 Hardekii,
453 2710 612 2787 infelicis
629 2711 801 2803 bominis,
841 2711 969 2804 secuti,
1007 2707 1176 2786 collectis
1204 2706 1347 2807 spoliis,

225 2859 317 2936 quae
335 2836 568 2936 amplissima
585 2861 633 2912 ex
654 2837 811 2912 devictis
831 2844 887 2912 tot
903 2835 1076 2912 hostibus
1097 2831 1266 2935 (quornm
1284 2854 1347 2908 nu·

228 2984 361 3038 merum
380 2963 514 3060 viginti
533 2963 693 3061 quinque
712 2962 865 3038 millium
885 2969 1110 3038 armatorum
1129 2961 1248 3036 luisse
1266 2980 1348 3056 per·

226 3085 384 3187 bibetur)
403 3089 561 3180 inerunt,
579 3090 790 3179 frementes,
809 3097 848 3164 et
865 3086 1145 3184 indignabundi,
1166 3082 1351 3184 quodtam

227 3211 474 3312 pulcherrima
493 3216 701 3305 occasione,
722 3215 824 3291 ducis
842 3215 932 3290 vitio
960 3214 1013 3288 uti
1041 3236 1115 3289 non
1133 3209 1352 3318 potuissent,

230 3343 274 3417 ad
292 3366 361 3420 sua
380 3343 516 3442 quique
534 3352 778 3420 revertuntur.
817 3342 939 3417 Huius
977 3350 1100 3416 autem
1135 3340 1192 3415 rei
1219 3344 1352 3434 gestae

229 3470 326 3546 lama
343 3470 438 3545 adeo
457 3469 535 3545 late
552 3494 619 3568 per
640 3492 768 3545 omnes
786 3469 930 3544 vicinas
949 3468 1122 3563 regiones
1140 3466 1209 3542 luit
1228 3463 1354 3539 statim

232 3595 372 3694 diffusa,
392 3604 525 3672 utnon
544 3596 582 3670 id
600 3605 751 3692 tautum,
772 3596 870 3692 qnod
889 3601 1036 3688 gestum
1064 3601 1132 3685 est,
1162 3591 1229 3667 scd
1246 3589 1355 3689 plura

232 3745 385 3821 semper,
405 3723 459 3798 nti
476 3725 528 3817 tit,
550 3724 725 3820 abigente
744 3722 849 3819 vulgi
869 3743 1050 3814 sermone,
1069 3720 1142 3794 iam
1161 3716 1355 3821 etAlbam

233 3857 269 3924 et
293 3848 556 3947 Vesprimium‚
586 3847 832 3945 Palotamque
851 3854 1025 3950 receptas
1045 3866 1140 3936 esse,
1170 3837 1357 3916 constanti

234 3976 365 4075 ubique
384 3999 531 4052 rumore
551 3987 802 4073 spargeretur,
821 3996 939 4071 usque
958 3973 1065 4065 adeo,
1084 3975 1124 4044 ut
1143 3967 1217 4065 ipsi
1246 3965 1358 4040 etiam

234 4099 431 4200 Rndolpho
450 4099 607 4176 Caesari
626 4125 649 4175 a
667 4100 859 4200 plerisque
878 4095 1175 4196 persuaderetur,
1195 4092 1302 4188 isque
1322 4095 1359 4161 et

236 4225 519 4328 adPoutificem
543 4226 758 4322 Maximum,
788 4225 893 4300 etad
920 4220 1188 4320 Hispaniarum
1216 4215 1360 4312 Regem

237 4347 465 4446 avunculum,
483 4352 574 4428 laeti
592 4350 638 4426 de
657 4351 705 4425 iis
724 4351 837 4425 rebus
856 4346 980 4423 nuncii
998 4345 1128 4423 literae
1157 4339 1361 4440 scripserit.

238 4477 316 4570 Qua
335 4480 382 4555 de
401 4499 517 4554 causa
544 4485 678 4576 postea
704 4478 823 4552 iratus
850 4472 1059 4561 Hardekio,
1097 4493 1178 4545 cum
1207 4465 1363 4541 aliorum

239 4606 356 4691 etiam,
376 4605 440 4702 qui
458 4605 494 4679 ei
513 4603 613 4680 bello
629 4603 885 4693 interfuerant,
908 4597 1083 4696 querelae
1103 4591 1365 4688 accessissent,

239 4751 308 4806 uuo
327 4731 487 4806 omnium
505 4753 570 4805 ore
589 4728 862 4818 affirmantium,
881 4724 1000 4825 ipsius
1020 4723 1129 4819 culpa
1158 4741 1277 4798 vanos
1301 4737 1366 4792 eos

281 4885 496 4929 nemauso
508 4885 586 4928 urse.
598 4865 904 4927 -scsmrosssx'vm
1217 4860 1238 4923 6
1376 4901 1379 4906 -
