3625 5534
448 498 497 547 mr
516 495 597 546 nun.
617 494 700 572 vno.
719 493 801 544 nuo.
814 494 849 544 x.
870 492 904 542 a.
926 492 961 543 x,
1222 467 1299 543 239

179 675 239 751 ubi
262 674 445 750 Ieremias
475 670 648 767 VaJ'voda
677 669 831 766 accepit,
859 667 989 742 rivalis
1010 666 1067 740 sui
1088 665 1303 744 aemulatio·

178 824 223 874 ue
250 822 465 888 succensus,
494 797 623 871 accitis
651 795 872 872 Polonorum
901 792 1062 884 auxiliis,
1092 802 1128 869 et
1155 815 1300 891 eompa-

182 927 286 1018 ratis,
308 926 547 1022 undecunque
565 921 694 1022 potuit,
713 920 813 996 haud
832 920 1108 995 contemnendis
1117 920 1304 994 variarum

184 1054 348 1150 gentium
375 1051 503 1149 copiis,
540 1050 689 1124 obviam
717 1046 906 1143 Stephano
936 1046 1130 1143 processit.
1169 1047 1209 1122 Is
1239 1045 1303 1119 nbi

185 1178 335 1270 nullam,
354 1176 524 1274 opinione
543 1198 611 1249 sua
630 1174 805 1267 deiectus,
824 1173 897 1246 nisi
915 1173 951 1248 iu
970 1172 1122 1248 victoria
1133 1195 1236 1270 spem
1246 1196 1313 1248 sa-

185 1305 269 1381 lutis
287 1304 469 1400 reliquam
489 1324 574 1377 esse
593 1300 703 1375 vidit:
722 1301 913 1375 instructis
933 1300 1126 1375 confestim
1138 1322 1206 1398 pro
1215 1308 1304 1376 tem-

182 1455 271 1528 pore
292 1454 339 1506 ac
348 1453 498 1506 numero
517 1429 645 1527 copiis,
664 1430 809 1525 signum
820 1450 968 1526 pugnae
979 1428 1060 1508 dari
1078 1428 1189 1502 iubet.
1210 1426 1307 1504 Con-

186 1558 346 1660 curritur
373 1556 561 1646 acerrime,
582 1555 624 1628 fit
640 1554 774 1650 ingens
794 1552 942 1646 caedes,
974 1554 1040 1628 sed
1067 1552 1122 1627 ita
1139 1559 1181 1628 ut
1200 1552 1309 1628 Polo-

184 1685 242 1760 nis
279 1685 490 1780 ceterisque
538 1681 725 1758 Moldavis
779 1681 898 1776 primo
937 1681 1076 1778 impetu
1112 1679 1311 1774 inclinatis,

184 1836 316 1909 parum
343 1812 488 1888 omuino
508 1808 680 1900 abfuerit,
710 1809 798 1907 quin
826 1807 1019 1882 tormentis
1045 1808 1154 1882 etiam
1185 1829 1310 1882 eorum

185 1938 304 2014 nostri
324 1937 431 2035 potiti
448 1934 594 2009 fuerint.
615 1932 690 2008 Sed
709 1956 805 2027 ecce,
826 1933 909 2009 dum
922 1933 1067 2031 pedites
1086 1932 1204 2007 nostri
1216 1954 1312 2006 sum-

185 2089 244 2138 ma
262 2063 491 2137 virtuterem
502 2070 646 2159 gerunt,
667 2082 750 2135 mox
760 2068 911 2158 praeter
922 2080 1025 2157 spem
1037 2059 1196 2134 omnium
1206 2055 1309 2132 initio

187 2193 302 2286 fugae
340 2186 532 2263 aSiculis
566 2188 751 2285 equitibus
780 2184 1012 2283 (Primipilos
1049 2184 1121 2283 ipsi
1158 2188 1311 2276 vocant)

185 2315 284 2391 iacto
304 2313 473 2412 plerique
492 2319 702 2388 nostrorum
721 2318 830 2407 terga
849 2317 1005 2402 vertunt,
1035 2319 1163 2407 etqua
1183 2311 1314 2407 cuique

186 2441 393 2539 proximum
412 2440 813 2535 commodissimumque
843 2439 960 2513 visum
981 2447 1049 2532 est,
1082 2439 1153 2514 huc
1171 2439 1259 2513 illuc
1276 2435 1316 2510 in

187 2566 321 2663 sylvas
345 2563 550 2659 diffugiunt.
579 2562 790 2660 Stephanus
812 2563 996 2660 Vajvoda,
1026 2571 1223 2661 postquam
1252 2587 1317 2661 po·
1347 2613 1348 2616 =

190 2688 385 2788 pularibus
414 2690 504 2783 suis,
538 2689 671 2786 quibus
700 2711 741 2763 se
771 2689 990 2785 crediderat,
1009 2691 1195 2767 immixtus
1215 2711 1317 2765 acer-

189 2817 282 2891 rime
301 2838 432 2890 manus
444 2838 523 2912 cum
534 2814 703 2891 hostibus
715 2816 978 2909 conseruisset,
996 2825 1168 2914 totusque
1185 2841 1315 2897 cruore

188 2941 359 3016 madidus
378 2943 497 3017 solum
525 2962 566 3016 se
587 2964 666 3016 eum
685 2943 816 3039 paucis
836 2942 1004 3017 relictum
1023 2945 1191 3035 vidisset,
1211 2955 1315 3022 ratus

188 3065 331 3142 nullum
359 3066 411 3141 ibi
439 3068 567 3142 virtuti
595 3068 765 3165 amplius,
786 3067 852 3142 sed
870 3068 981 3163 fugae
1001 3069 1119 3144 locum
1139 3094 1233 3164 esse,
1255 3073 1318 3148 ad-

190 3192 306 3269 misso
328 3213 424 3288 equo
452 3192 491 3266 in
517 3193 708 3291 proximas
732 3194 862 3291 sylvas
882 3196 1014 3287 evasit,
1042 3197 1127 3271 inde
1150 3198 1188 3272 in
1208 3199 1319 3296 quod-

190 3317 273 3393 dam
285 3315 580 3413 Caloergodrum
592 3315 848 3415 (Calugyeros
867 3322 940 3419 ipsi
959 3323 1104 3398 nomine
1125 3347 1171 3399 ex
1182 3350 1321 3423 graeca

187 3449 320 3544 lingva
353 3451 526 3542 corrupto
559 3448 711 3534 vocant)
749 3445 1016 3523 Monasterinm
1045 3451 1234 3526 reficiendi
1265 3453 1322 3528 sui

190 3595 308 3651 causa
328 3570 489 3647 divertit.
509 3573 569 3646 Ibi
587 3593 715 3647 somno
747 3573 949 3671 laboreque
969 3577 1136 3673 sepultus
1157 3578 1205 3652 ad
1223 3581 1322 3654 Iere-

189 3702 303 3775 miam
322 3699 531 3774 Vaivodam
551 3699 731 3774 abductus
749 3699 829 3790 fuit,
849 3708 887 3774 et
904 3701 1060 3799 primum
1090 3701 1234 3800 quidem
1260 3727 1322 3782 au·

189 3827 312 3916 ribus,
350 3825 577 3921 naribusque
612 3833 822 3919 truncatus,
863 3827 996 3902 deinde
1028 3830 1116 3926 palo
1146 3829 1320 3904 crudelis-

190 3953 285 4029 sime
324 3948 459 4024 affixus
488 3958 564 4041 est,
610 3949 760 4025 multum
807 3953 1029 4051 deprecante
1075 3977 1140 4046 eo,
1168 3977 1214 4028 nc
1241 3961 1317 4030 tam
1379 3983 1385 3996 ·

191 4079 273 4153 diro
311 4076 469 4172 supplici
496 4099 634 4171 genere
669 4079 800 4153 insons
837 4079 1055 4155 afficeretur.
1094 4080 1244 4156 Periere
1281 4088 1319 4156 et

187 4229 208 4280 e
235 4201 465 4302 primoribus
485 4199 722 4298 Vugarorum
742 4205 893 4302 aliquot,
932 4206 1027 4281 iuter
1055 4229 1147 4304 quos
1174 4207 1243 4281 fuit
1277 4215 1317 4281 et

194 4329 421 4405 Valentinus
460 4326 580 4426 Gegll,
617 4330 789 4406 Andreas
816 4332 878 4407 Ηό
916 4332 1140 4407 vnlneratus.
1171 4332 1320 4431 Reliqui

196 4479 279 4532 cum
305 4453 440 4552 Alpes,
469 4479 542 4552 qua
559 4460 773 4534 necessario
801 4459 1014 4555 fugiendum
1035 4467 1126 4552 erat,
1158 4482 1319 4557 quaqua-

196 4580 597 4679 versumabindigenis
610 4583 1321 4683 Valachisobstructasreperissent,di·

196 4707 326 4784 missis
355 4707 459 4804 equis
486 4733 554 4807 per
573 4711 733 4809 compita
752 4709 901 4810 Alpium
929 4734 1092 4788 evasere.
1132 4711 1323 4792 Perierec
