3625 5534
456 401 509 478 24
846 425 895 475 ro.
916 422 1017 476 uren
1034 423 1185 476 eunoun

453 627 620 701 regnum,
639 604 737 701 quod
753 601 1050 702 primumloanni
1068 601 1165 696 Regi
1180 601 1343 678 delatum
1361 603 1440 696 furit
1461 603 1585 678 armis
1719 607 1720 616 '

457 729 654 818 invasisse,
673 728 817 825 Regem
834 725 938 802 illum
956 725 1160 821 legitimum
1177 750 1294 824 regno
1313 729 1362 803 ab
1381 727 1435 803 eis
1455 729 1584 804 detur-

457 858 601 949 batum,
628 879 674 931 cc
691 880 715 930 a
734 853 960 952 Solymannc
978 862 1101 930 tamen
1119 853 1157 928 in
1175 854 1284 930 fidem
1302 864 1515 955 acceptum,
1547 867 1587 930 et

457 984 495 1058 in
512 1005 667 1080 regnum
684 981 911 1070 restitutum,
940 980 1092 1055 eandem
1115 1002 1262 1078 semper
1280 980 1453 1079 quamdiu
1471 982 1506 1056 is
1529 983 1586 1056 vi·

329 1204 335 1214 ,
457 1110 576 1186 risset
593 1108 776 1183 fortunam
795 1113 987 1203 expertum
1002 1106 1051 1180 ab
1070 1105 1125 1181 eis
1142 1105 1271 1182 fuisse.
1291 1103 1448 1184 Sublato
1459 1117 1586 1184 morte

457 1241 615 1328 Ioanne,
644 1257 798 1332 regnum
815 1234 854 1306 iu
872 1255 981 1308 manu
998 1233 1130 1333 pupilli
1147 1233 1224 1328 filii,
1244 1240 1281 1309 et
1300 1234 1470 1331 Reginae
1489 1243 1586 1310 mat·

457 1365 511 1439 ris
529 1363 664 1452 fuisse,
688 1383 833 1436 rursum
852 1356 1062 1435 Germanos
1081 1360 1118 1436 in
1137 1359 1216 1436 eins
1235 1362 1512 1460 possessionem
1530 1363 1586 1438 in-

458 1493 628 1581 volasse,
657 1488 790 1584 quibus
813 1513 837 1562 a
855 1484 1079 1587 Solymanno
1097 1486 1236 1586 pulsis,
1264 1511 1345 1564 cum
1372 1490 1475 1565 nulla
1502 1491 1586 1566 alia

461 1619 605 1695 ratione
623 1616 851 1713 conquieturi
873 1616 1119 1709 crederentur,
1146 1613 1349 1693 Caesarem
1366 1616 1420 1694 ita
1436 1617 1585 1717 pupillo

458 1744 715 1844 prospexisse,
733 1750 775 1818 nt
791 1742 939 1840 Regina
956 1767 1036 1818 cum
1054 1743 1131 1819 lilio
1150 1745 1461 1843 Transylvaniam
1487 1745 1587 1821 obti-

459 1878 575 1961 neret,
592 1870 674 1968 ipse
692 1867 808 1960 Buda
818 1875 856 1943 et
865 1868 950 1943 aliis
960 1868 1123 1944 finitimis
1141 1869 1295 1946 urbibus
1313 1870 1462 1970 potitus,
1483 1869 1584 1948 Ger·

459 2019 589 2074 manos
606 1996 644 2071 in
663 1995 784 2071 officio
804 1994 1018 2071 contineret.
1047 1995 1183 2071 Fuisse
1196 1995 1234 2070 id
1252 1996 1478 2094 aliquamdiu
1496 1998 1584 2072 usui

336 2223 341 2234 .
460 2121 668 2219 Vngariae‚
687 2122 755 2198 sed
772 2121 971 2197 identidem
990 2119 1199 2198 Germanos
1218 2130 1423 2218 tentantes,
1441 2125 1588 2200 frustra

461 2251 575 2326 armis
594 2273 741 2348 semper
759 2250 880 2327 victos
898 2250 1149 2326 succubuisse.
1171 2247 1245 2327 Sed
1254 2275 1301 2328 nc
1319 2260 1448 2328 vetera
1462 2252 1586 2350 inquit

461 2401 757 2468 commemorem,
784 2378 885 2455 bello
912 2378 1096 2478 superiori
1115 2378 1286 2472 Persico,
1315 2403 1396 2455 cum
1424 2403 1470 2457 ea
1497 2388 1589 2457 tuno

461 2503 657 2581 occasione
675 2502 849 2579 utendum
868 2503 941 2579 sibi
959 2504 1032 2579 rati
1051 2501 1247 2598 Germani,
1267 2529 1396 2582 rursus
1414 2506 1463 2582 ad
1480 2505 1587 2604 inge·

460 2630 560 2706 nium
577 2628 795 2716 rediissent,
823 2631 974 2706 multum
994 2631 1210 2707 incommodi
1237 2630 1416 2708 Caesaris
1440 2632 1587 2709 ditioni·

460 2760 541 2849 bus,
560 2755 721 2856 praedas
741 2755 825 2832 inde
845 2757 1007 2854 agendo,
1025 2757 1297 2835 incursionibus
1316 2781 1382 2836 eus
1400 2760 1585 2860 vexando,

460 2882 625 2976 insidiis,
644 2882 785 2981 aliquot
802 2885 902 2961 viros
922 2887 1059 2979 fortes,
1088 2887 1226 2963 arcium
1244 2889 1455 2988 praefectos
1474 2887 1586 2964 inter·

462 3010 648 3109 eipicndo,
677 3007 830 3087 hostilia
852 3011 975 3087 omnic
992 3013 1030 3088 in
1048 3035 1094 3088 ea
1122 3013 1346 3106 exercendo,
1374 3011 1586 3107 intulerunt,

462 3136 566 3227 adeo,
590 3144 630 3213 ut
647 3137 808 3214 assiduis
826 3161 952 3214 eorum
968 3139 1203 3236 querimoniis
1229 3139 1409 3236 fatigatus
1428 3136 1586 3228 Caesar,

463 3263 598 3338 dudum
627 3263 673 3337 de
691 3265 910 3340 ulciscendis
938 3264 1081 3342 iniuriis
1109 3267 1323 3359 statuisset,
1350 3265 1421 3340 nisi
1445 3286 1586 3340 memor

462 3388 646 3482 foederis,
666 3390 788 3465 omnia
804 3390 929 3490 prius,
949 3415 1058 3489 quam
1077 3392 1161 3484 vim,
1180 3399 1218 3468 et
1231 3415 1335 3468 arma
1353 3391 1516 3492 experiri
1536 3391 1586 3470 ad

461 3514 618 3592 nominis
636 3515 693 3591 sui
703 3517 937 3594 Maiestatem
946 3519 1132 3619 pertinere
1144 3519 1402 3598 existimasset
1422 3520 1586 3596 Tantam

462 3664 548 3719 esse
576 3643 862 3720 latrunculorum
889 3647 1040 3722 illorum
1074 3647 1406 3746 importunitatem,
1434 3653 1474 3722 ut
1501 3646 1585 3723 vias

462 3790 609 3863 omnes,
629 3769 762 3866 quibus
781 3767 1139 3871 Constantinopolim
1158 3773 1204 3849 iri
1224 3773 1370 3850 solitum
1389 3772 1457 3866 sit,
1477 3796 1584 3871 prae-

464 3897 590 3974 sertim
611 3919 699 3974 vero
723 3899 821 3973 ultra
849 3897 1100 3995 Szegzurdum
1120 3899 1219 3984 circa
1237 3899 1413 3993 Batbam,
1442 3906 1480 3975 et
1506 3899 1584 3976 lini·

462 4023 551 4099 tima
575 4024 712 4124 oppida
739 4024 1001 4101 infestissimas
1029 4025 1265 4103 reddiderint.
1297 4027 1434 4102 Verum
1461 4032 1581 4102 tamen

464 4145 666 4227 Caesarem
695 4147 741 4227 de
774 4150 917 4228 demnis
937 4153 1052 4230 illatis
1071 4153 1267 4246 satisfieri,
1294 4152 1367 4228 sibi
1385 4153 1512 4230 ablata
1531 4177 1585 4229 re·

462 4275 580 4370 stitui,
606 4277 774 4376 captivos
794 4279 938 4373 dimitti,
958 4288 994 4357 et
1012 4281 1144 4357 foedus
1163 4281 1313 4357 comiter
1332 4278 1403 4355 coli
1422 4279 1585 4376 postula-

425 4431 431 4445 ·
462 4402 575 4480 visse.
607 4405 650 4480 ld
667 4405 724 4481 illi
742 4407 885 4483 causati
904 4430 976 4483 non
1004 4409 1052 4483 ab
1071 4408 1253 4506 ipsorum,
1283 4407 1349 4483 sed
1377 4405 1511 4505 partim
1536 4406 1583 4481 sb

463 4528 683 4631 Archidneis
706 4525 840 4610 'Caroli
867 4534 1044 4630 subditis,
1072 4536 1206 4635 purtim
1235 4532 1429 4612 vercellis
1453 4531 1584 4607 liberis

462 4652 659 4761 peditibus,
680 4658 741 4756 qui
760 4683 804 4742 eo
814 4658 965 4741 foedere
975 4685 1047 4737 non
1056 4659 1339 4756 includerentur,
1358 4683 1427 4736 nec
1438 4657 1584 4735 omnino
