3625 5534
764 844 939 924 oanu
968 837 1342 922 DVODEOlMVM.

515 1023 649 1118 Quid
671 1026 968 1102 Temesaea-tensis
987 1025 1107 1099 Basso
1135 974 1264 1096 audito
1291 1045 1438 1094 suorum
1457 1017 1562 1106 clade

989 1153 1111 1254 operit.

883 543 933 596 10.
952 542 1056 594 Duell
1068 542 1217 593 Bsuovn

1732 1037 1733 1082 l

598 1349 696 1427 Dum
715 1350 809 1424 haec
827 1360 997 1447 aguntur,
1016 1350 1159 1425 interea
1186 1348 1310 1421 Bassa
1330 1341 1614 1419 Temcsvarien-
1732 1325 1733 1422 i

489 1477 553 1570 sis,
591 1476 747 1550 collecto
785 1475 910 1573 aliquo
948 1498 1096 1552 suorum
1120 1495 1288 1566 numero,
1326 1469 1374 1544 ad
1407 1455 1614 1544 Zarvssum
1732 1573 1733 1578 Ν

489 1601 799 1694 castrahabebat,
808 1609 846 1675 et
855 1601 893 1675 in
904 1622 1031 1676 omnes
1042 1608 1181 1698 partes,
1193 1597 1374 1695 quomodo
1384 1593 1613 1702 provinciam
1732 1589 1733 1662 3

439 1797 443 1805 .
488 1750 592 1803 suam
620 1734 794 1822 tueretur,
829 1727 992 1802 intentus
1016 1724 1266 1801 observabat:
1304 1721 1349 1797 de
1380 1743 1425 1797 eo
1461 1720 1613 1794 multum

489 1855 682 1951 sollicitus,
702 1855 800 1951 quod
818 1853 921 1930 nullo
941 1853 1041 1928 edito
1060 1850 1211 1926 militari
1230 1870 1342 1948 opere
1370 1847 1478 1923 fidem
1499 1853 1613 1942 atquc

491 1981 650 2057 officium
668 2003 774 2056 suum
792 1979 976 2078 potuisset
1005 1979 1211 2054 declarare.
1229 1971 1323 2050 Cum
1342 1982 1462 2049 autem
1482 1969 1614 2046 nonde

487 2106 651 2181 Budensi
668 2113 808 2181 tantum
828 2105 933 2180 clade
963 2112 1101 2180 certum
1119 2104 1193 2178 iam
1212 2101 1381 2177 nuncium
1391 2097 1613 2195 accepisset,

487 2231 556 2308 sed
572 2231 611 2306 id
629 2231 740 2308 etiam
767 2231 918 2329 insuper
947 2238 1047 2306 certe
1074 2228 1323 2325 cognovisset,
1351 2224 1530 2321 Vngaros
1551 2220 1614 2296 Ti·

487 2357 662 2435 biscanos
683 2381 763 2434 oum
782 2357 1025 2433 Oassoviensi
1053 2354 1249 2431 Praefecto
1275 2347 1536 2427 Tiffenbacbio
1556 2369 1614 2422 so·

487 2482 596 2557 cistis
614 2483 740 2574 armis,
758 2483 980 2557 transmisso
999 2504 1143 2557 rursum
1155 2479 1320 2572 Tibisco,
1341 2473 1476 2558 Fileko
1495 2474 1611 2549 immi·

486 2629 592 2682 nere:
612 2615 690 2682 tum
707 2616 852 2683 vertere
870 2608 909 2681 in
928 2629 1056 2683 omnes
1076 2615 1203 2702 partes
1221 2605 1393 2700 animum,
1412 2601 1522 2697 siqua
1540 2598 1614 2686 via,

490 2740 529 2807 et
546 2731 653 2807 modo
674 2756 799 2809 eorum
819 2733 1014 2808 conatibus
1033 2733 1087 2806 ire
1098 2730 1246 2806 obviam
1256 2736 1398 2828 posset.
1410 2730 1514 2804 Inter
1524 2725 1612 2816 alia,

491 2879 558 2933 ceu
577 2857 716 2933 oblitus
735 2881 871 2950 eorum,
892 2880 987 2956 quac
1006 2858 1079 2933 iam
1100 2865 1183 2932 acta
1202 2865 1355 2952 peracta
1376 2856 1548 2946 luissent,
1568 2859 1614 2934 de

486 2983 539 3060 dit
555 2984 687 3060 literas
704 2983 753 3059 ad
772 2981 1000 3082 Stephanum
1019 2983 1255 3080 Bathoreum,
1289 2985 1352 3079 qui
1379 2983 1453 3060 iarn
1482 3005 1526 3058 se
1546 2984 1614 3060 illo

485 3131 636 3185 munere
655 3132 723 3185 suo
742 3108 993 3200 abdicaverat,
1011 3116 1052 3184 ut
1070 3107 1195 3183 statim
1223 3131 1265 3183 sc
1293 3130 1375 3183 cum
1393 3131 1437 3184 eo
1457 3111 1614 3186 coniun-

485 3241 604 3332 geret,
624 3232 949 3330 communibusque
968 3232 1077 3306 ambo
1108 3231 1249 3309 viribus
1278 3231 1326 3306 ad
1354 3234 1614 3331 reprimendos

489 3356 616 3436 hostes
634 3357 706 3431 iter
725 3355 988 3433 accelerarent.
1019 3356 1076 3432 Eo
1104 3379 1177 3434 non
1195 3364 1401 3454 contentus,
1426 3359 1474 3434 ad
1502 3359 1614 3438 Prin·

488 3483 608 3584 cipem
626 3484 738 3558 etiam
757 3483 888 3559 codem
906 3483 1075 3582 exemplo
1100 3483 1261 3583 scripsit,
1297 3482 1336 3557 id
1358 3507 1466 3560 unum
1496 3508 1613 3564 curae

484 3611 558 3687 sibi
576 3632 660 3685 esse
680 3610 828 3703 ducens,
847 3617 888 3684 ut
906 3609 1057 3707 aliquod
1085 3609 1131 3686 de
1159 3633 1200 3686 se
1226 3611 1373 3708 providi
1401 3611 1505 3687 ducis
1526 3637 1614 3715 spc-

478 3735 605 3813 cimen
633 3737 744 3812 edere
763 3743 903 3833 posset.
924 3735 1103 3834 Princeps
1118 3759 1218 3831 vero,
1238 3759 1307 3812 nec
1330 3737 1515 3834 integrum
1536 3740 1614 3816 iam

485 3864 571 3957 sibi,
592 3862 756 3938 dimissis
775 3863 813 3936 in
832 3861 1003 3961 hyberna
1022 3860 1148 3961 copiis,
1170 3861 1209 3936 id
1226 3883 1323 3955 esse,
1342 3885 1412 3938 nec
1431 3863 1465 3941 si
1483 3885 1554 3940 eas
1574 3867 1614 3940 iu

481 3998 657 4088 promptu
676 3989 843 4082 haberet,
861 3995 1015 4087 propter
1034 3988 1237 4064 instantem
1264 3988 1433 4087 hyemem
1469 4011 1613 4086 cogere
1732 4067 1733 4070 ι

484 4138 550 4190 eos
570 4116 619 4190 ad
636 4116 774 4192 bellum
793 4137 919 4214 posse,
939 4113 1150 4212 respondit3
1178 4122 1289 4212 atque
1307 4115 1478 4192 nuncium
1498 4116 1614 4193 simul

482 4240 660 4316 etiamad
679 4240 946 4341 explorandum
965 4239 1044 4314 eius
1073 4238 1227 4314 consilia
1256 4240 1391 4340 potins,
1429 4262 1542 4338 quam
1573 4251 1615 4320 ut

481 4367 623 4466 aliquid
650 4391 840 4445 commune
868 4366 941 4442 sibi
971 4390 1053 4441 cum
1081 4389 1125 4442 eo
1150 4389 1237 4444 esse
1255 4375 1417 4467 cuperet,
1453 4366 1613 4446 adeum

479 4494 588 4569 misit
610 4492 694 4586 Quo
712 4503 880 4592 tempore
898 4493 943 4590 is,
963 4517 1043 4569 cum
1063 4492 1111 4570 ad
1130 4516 1211 4569 eum
1231 4494 1342 4588 venit,
1372 4492 1502 4569 eodem
1527 4493 1613 4572 fere

482 4620 693 4696 nunciatum
711 4620 782 4696 fuit
799 4620 866 4715 illi,
885 4642 1033 4698 suorum
1046 4620 1196 4712 auxilia,
1214 4618 1369 4717 quaead
1387 4620 1615 4700 solvendam
1732 4621 1733 4628 '

479 4743 608 4818 Fileli
626 4746 856 4820 obsidionem
876 4745 1039 4838 miserat,
1060 4745 1272 4843 profligata,
1292 4747 1546 4842 obsessosque
1572 4750 1613 4826 in
