3625 5534
840 517 843 526 “
871 506 920 558 10.
941 505 1040 556 DECII
1058 504 1207 557 BAROVII

702 1239 938 1335 LIBER
965 1235 1375 1336 SECVNDVS.

829 1525 1020 1620 ΟΔΡΨΓΙ
1035 1525 1268 1604 PRIMVM.'

558 1708 617 1783 Dc
643 1707 745 1783 otodc
771 1702 947 1782 Siscocnsi
970 1704 1321 1803 Constantinopolim
1344 1706 1503 1805 perlato.

587 1871 789 1969 Postquam
799 1865 955 1944 Caesari
964 1869 1215 1944 renunciatum
1223 1869 1293 1945 fuit
1303 1865 1497 1944 Hancnum
1507 1869 1604 1943 Bas-

481 2025 560 2076 sam
579 2001 807 2075 Bcsnensem
824 2002 940 2071 totum
961 1996 1145 2072 exercitus
1164 1997 1222 2072 sui
1240 1998 1353 2072 robur
1370 2018 1493 2070 secum
1512 1995 1604 2069 ami

480 2129 592 2219 sisse,
610 2132 737 2200 tantus
756 2123 877 2199 subito
896 2129 1035 2217 motus,
1066 2147 1110 2198 ac
1129 2124 1376 2200 consternatio
1395 2131 1510 2198 totum
1538 2120 1605 2196 im-

480 2253 620 2353 perium
640 2250 837 2328 Turcicum
857 2249 1034 2347 pervasit,
1054 2257 1093 2324 ut
1111 2249 1309 2326 maximam
1328 2248 1441 2346 vulgo
1461 2271 1602 2342 omnes,

479 2380 752 2477 inauditamque
770 2377 853 2451 istis
872 2375 1099 2472 temporibus
1119 2374 1365 2450 calamitatem
1393 2374 1602 2449 Turcarum

480 2506 581 2602 genti
599 2504 821 2601 contigisse,
850 2524 974 2577 secum
991 2508 1215 2600 reputarent
1246 2501 1370 2600 Atque
1390 2500 1602 2596 ecquidem

480 2631 625 2723 clades,
655 2651 734 2705 cum
754 2628 848 2703 alios
876 2649 1003 2702 omnes
1032 2628 1155 2704 multis
1182 2627 1389 2702 nominibus
1418 2626 1603 2702 sollicitos

479 2756 676 2848 reddebat,
704 2763 780 2830 tum
799 2776 864 2830 ecs
883 2753 1134 2852 potissimum,
1163 2751 1225 2852 qui
1252 2761 1359 2830 erant
1383 2779 1407 2829 a
1435 2751 1602 2829 consiliis

480 2882 678 2976 Caesaris,
698 2890 735 2959 et
753 2883 791 2956 in
807 2882 855 2957 iis
873 2881 1032 2957 maxime
1051 2881 1246 2972 Sinanum,
1267 2881 1344 2979 qui,
1365 2881 1462 2979 quod
1480 2879 1602 2956 consi-

479 3011 530 3102 lii,
550 3017 587 3085 et
605 3011 711 3086 aulae
734 3010 906 3108 princeps
925 3009 1133 3104 haberetur,
1153 3032 1295 3084 omnem
1315 3009 1393 3084 eius
1412 3007 1602 3083 infortunii

375 3232 379 3238 Ι
479 3134 735 3211 contumeliam
753 3134 867 3210 ferme
887 3134 990 3210 solus
1010 3134 1227 3210 sustinebat.
1256 3115 1315 3208 Ne
1334 3141 1455 3210 autern
1474 3155 1519 3208 ea
1538 3155 1601 3208 res

478 3263 640 3359 gravius,
651 3286 759 3359 quam
777 3285 846 3360 par
865 3268 978 3352 esset,
990 3257 1165 3337 Caesaris
1185 3261 1341 3337 animum
1357 3261 1599 3353 exulceraret,

480 3412 586 3465 omne
606 3411 711 3464 suum
742 3388 900 3464 studium
915 3389 952 3462 in
972 3410 1015 3462 eo
1035 3383 1193 3464 Sinanns
1213 3390 1387 3487 ponebat,
1405 3394 1444 3461 ut
1459 3387 1601 3484 stragis
1637 3427 1644 3437 ·

477 3515 594 3612 ipsius
614 3514 843 3590 incommoda
863 3513 1053 3611 elevando,
1079 3512 1234 3589 Caesari
1254 3511 1516 3612 persuaderet,
1538 3511 1600 3589 da-

476 3653 596 3720 turum
616 3665 657 3717 se
677 3665 837 3740 operam,
857 3667 904 3718 ne
924 3643 1010 3739 quid
1030 3667 1076 3718 ex
1087 3666 1130 3718 ec
1148 3642 1284 3718 nomini
1293 3642 1422 3739 ipsius,
1441 3641 1603 3737 gloriae·

478 3795 549 3869 que
574 3769 779 3844 decederet.
799 3768 911 3845 Talia
922 3767 1097 3844 Sinanum
1118 3792 1240 3845 secum
1252 3768 1372 3843 animo
1388 3767 1601 3864 agitantem,

478 3906 515 3973 et
534 3893 711 3971 Caesaris
725 3895 967 3999 offensionem
995 3897 1234 3973 vehementer
1259 3900 1497 3986 metuentem,
1527 3917 1603 3968 mu-

478 4022 547 4099 lier
566 4003 748 4122 quaedam
767 4024 877 4100 vidua
896 4024 1050 4121 grandis
1069 4032 1175 4116 natu,
1202 4020 1378 4097 Caesaris
1403 4021 1535 4115 amita,
1564 4021 1601 4094 in

477 4149 818 4248 praesentissimum
837 4150 955 4242 vitae,
975 4151 1274 4246 fortunarumque
1303 4145 1504 4245 periculum
1523 4147 1603 4221 iere

479 4274 641 4352 adduxit.
