3625 5534
453 501 502 552 uu
520 501 602 554 uua.
620 499 703 552 vno.
722 501 804 553 oue.
822 501 859 555 x.
878 502 912 554 n.
934 505 971 556 11.
1237 485 1288 566 33

199 686 266 772 est,
288 686 326 754 ut
350 700 463 754 ausus
489 677 601 753 fuerit
628 676 676 752 ad
704 675 955 778 Principatum
991 678 1290 782 Trausylvaniae
1432 739 1433 745 Ν

199 806 356 904 aspirare,
374 804 785 902 tamquamiuauctione
804 805 938 902 aliqua,
959 830 1000 881 se
1016 809 1138 904 omnia
1155 811 1291 904 oblata,

199 931 356 1006 inmensa
372 930 515 1024 viauri,
528 952 685 1030 sperans
695 938 972 1008 consecuturum
993 955 1087 1009 esse.
1106 931 1292 1024 Quaeres

200 1081 235 1132 co
249 1065 395 1152 tantum,
411 1056 449 1132 in
467 1066 571 1134 tanta
590 1058 690 1134 illius
705 1057 813 1134 aulae
824 1061 1043 1158 corruptela,
1054 1060 1155 1137 exitu
1165 1062 1292 1158 carnit,

201 1185 280 1282 quod
295 1185 394 1262 illius
411 1186 625 1286 provinciae
646 1194 783 1262 statum
806 1209 880 1262 non
911 1193 987 1262 tam
1005 1186 1114 1262 facile
1133 1189 1294 1265 Barbari

201 1320 323 1388 mutare
340 1319 512 1411 possent,
535 1319 649 1410 'quam
667 1313 825 1408 vellent,
845 1322 883 1389 et
901 1313 963 1411 qui
981 1313 1019 1388 id
1038 1324 1222 1414 cuperent,
1242 1317 1294 1392 ni-

201 1434 244 1511 lul
259 1438 450 1533 adferrent,
460 1439 558 1538 quod
568 1438 616 1515 ad
632 1440 672 1514 id
682 1439 884 1516 conducere
902 1439 1099 1536 videretur,
1116 1445 1293 1520 ut'Tran-

201 1564 354 1662 sylvania
370 1587 444 1640 non
461 1565 573 1641 armis
591 1565 837 1657 labefactata,
866 1565 934 1640 sed
951 1565 1116 1664 integra,
1145 1578 1293 1667 pacata·
1395 1603 1399 1616 ·

202 1712 270 1786 que,
285 1713 351 1766 ceu
368 1713 481 1766 aureo
500 1691 623 1790 aliquo
643 1693 760 1784 malo,
784 1698 826 1765 ut
843 1690 936 1789 ipsis
954 1691 993 1765 in
1010 1695 1208 1790 proverbio
1227 1704 1294 1789 est,

201 1814 396 1913 potirentur.
426 1813 519 1893 Cum
546 1816 793 1916 aliquamdiu,
824 1825 865 1891 ut
884 1817 1069 1916 promissa
1096 1820 1296 1916 exolveret,

202 1963 257 2040 per
271 1942 473 2018 submissas
501 1952 645 2020 secreto
673 1941 721 2018 ad
740 1964 865 2018 omnes
885 1943 1183 2044 Transylvairiae
1202 1947 1296 2024 ordi·

203 2091 258 2143 nes
272 2070 424 2162 litteras,
444 2069 743 2146 adminiculatore
760 2069 831 2144 hoc
848 2069 930 2168 ipse
948 2070 1170 2167 Mahnmete,
1187 2073 1225 2148 id
1244 2073 1296 2148 in·

203 2216 330 2298 ossum
356 2204 613 2295 procurasset,
640 2205 681 2271 ut
709 2195 744 2271 ei
762 2193 888 2294 aliqua
917 2196 1061 2274 occasio
1089 2220 1150 2273 res
1180 2221 1296 2274 novas
1327 2193 1329 2196 ’

204 2322 357 2397 moliendi
373 2325 623 2423 praeberetur,
642 2322 789 2399 tandem
807 2320 938 2396 videns
956 2344 1125 2420 seseque
1144 2325 1193 2401 ab
1211 2323 1297 2419 illis,

205 2470 281 2543 quos
298 2473 343 2524 ea
361 2449 407 2526 de
435 2472 478 2526 se
496 2471 649 2550 sperare
678 2449 873 2542 iussisset,
902 2457 1015 2546 atque
1042 2451 1089 2526 ab
1109 2451 1181 2547 eis,
1211 2475 1297 2551 quo·

203 2597 270 2650 mm
285 2578 378 2653 malo
396 2576 596 2670 inhiasset,
616 2575 932 2677 despici,·sensim
950 2576 1171 2674 vilescente,
1201 2579 1299 2679 apud

204 2723 258 2777 eos
274 2704 380 2780 etiam
409 2704 542 2803 quibus
570 2712 680 2779 antea
705 2703 940 2780 familiariter
958 2726 1047 2780 usus
1075 2713 1174 2800 erat,
1202 2706 1300 2805 quod

204 2827 249 2902 eis
265 2829 402 2905 alendis
421 2837 588 2928 sumptus
605 2829 680 2905 iam
698 2853 771 2904 non
783 2836 1035 2929 suppeterent,
1056 2830 1299 2923 eiusncmine,

204 2977 264 3031 non
281 2977 391 3030 ausus
408 2955 486 3030 illis
504 2955 696 3048 reluctari,
722 2955 802 3053 qui,
831 2954 930 3053 qnod
948 2955 1054 3029 vanis
1071 2956 1301 3054 pollicitatio·

204 3080 296 3158 nibus
316 3080 471 3158 Caesari
494 3082 691 3177 illusisset,
720 3105 822 3182 spem
841 3082 880 3156 in
899 3104 943 3157 eo
962 3089 1101 3158 tantum
1117 3083 1247 3159 veniae
1267 3083 1302 3158 ei

205 3209 387 3306 repositam
406 3207 581 3303 dicerent,
600 3207 633 3282 si
650 3207 759 3283 fidem
778 3208 993 3302 abnegaret,
1012 3206 1134 3285 adeos
1154 3207 1302 3284 tandem

206 3330 354 3409 descivit
372 3337 418 3411 In
437 3334 540 3410 cuius
559 3335 615 3410 rei
622 3334 834 3434 praemium,
854 3342 891 3410 et
910 3333 1212 3433 quodfcvendam
1231 3335 1304 3410 sibi

206 3457 365 3538 eiusmodi
392 3463 577 3540 bominum
595 3463 786 3561 perfidiam
805 3470 987 3563 putarent,
1008 3459 1304 3562 Ooppaniensem

206 3587 345 3682 primum
361 3591 401 3666 in
419 3591 590 3688 Vngaria
606 3589 885 3666 Praefecturam
904 3591 1078 3683 obtinuit,
1097 3597 1229 3689 postea
1246 3592 1301 3666 Ie·

207 3711 395 3810 reiensem,
414 3716 641 3793 Varadinum
660 3737 810 3806 versus,
831 3724 869 3793 et
887 3717 1082 3793 Licensem
1100 3715 1248 3791 tandem
1266 3716 1304 3790 in

208 3832 362 3937 boeda,
379 3843 446 3920 ubi
463 3844 511 3934 ob
529 3843 703 3920 amissum
722 3843 922 3920 exercitum
940 3845 1021 3920 loco
1041 3841 1223 3934 deiectus,
1243 3840 1305 3916 diu

207 3965 377 4064 priuatus,
397 3968 436 4042 in
454 3993 591 4068 magna
609 3977 779 4072 egestate
797 3967 911 4043 vitam
931 3967 1043 4043 duxit.
1062 3965 1154 4043 Post
1172 3973 1226 4040 tot
1244 3964 1305 4041 de-

208 4111 291 4168 num
308 4118 511 4189 aerumnas,
522 4104 670 4195 optatus
688 4095 750 4171 hie
764 4096 798 4171 ei
819 4094 899 4170 dies
919 4093 1069 4186 affulsit,
1088 4113 1159 4191 qno
1179 4089 1306 4167 Sinani

208 4213 327 4295 delatis
349 4221 494 4320 imperii
523 4221 695 4298 militaris
722 4221 950 4319 insignibus,
976 4226 1146 4312 cunctos,
1174 4217 1306 4316 quibus

207 4363 261 4418 res
285 4345 474 4445 Vugariae
500 4355 610 4424 notae
637 4356 785 4439 essent,
823 4346 1051 4445 conquirenti
1078 4345 1173 4420 inter
1202 4343 1307 4436 alios,

208 4489 346 4563 quemn
361 4473 464 4550 fideli
481 4497 595 4574 opera
612 4475 649 4550 in
668 4475 739 4549 hoc
757 4474 856 4551 bello
875 4481 1059 4564 uteretur,
1086 4473 1133 4547 ab
1165 4491 1236 4546 usu
1252 4494 1308 4546 re·

208 4618 286 4690 mm,
303 4610 343 4676 et
357 4603 491 4702 peritia
510 4627 634 4679 eorum
648 4577 820 4692 locorum,
839 4603 877 4676 iu
897 4625 991 4699 quae
1002 4609 1102 4676 esset
1126 4599 1309 4691 ducturus,

209 4723 260 4797 vel
277 4727 313 4802 in
330 4729 457 4827 primis
476 4729 798 4806 commendaretur.
832 4731 873 4802 ln
892 4728 995 4803 ouius
1013 4727 1309 4816 familiaritatem,

246 4864 345 4907 nosen
364 4869 539 4910 srmoursr.
552 4869 851 4910 -searnnoussxvm
1162 4847 1182 4914 3
