3625 5534
451 461 528 540 150
850 484 898 532 10.
922 481 1023 531 nscrr
1042 479 1191 530 sunovrr

449 653 694 759 vorom'parte
712 659 823 747 exuti,
843 660 979 732 Istrum
991 654 1182 730 confestim
1193 654 1386 746 traiecere,
1396 664 1434 731 et
1445 651 1513 753 (in)
1525 657 1575 730 ul-

449 788 585 862 teriora
620 784 780 860 fluminis
816 791 924 880 parte
962 779 1011 855 cd
1049 775 1364 855 Oros-Ozikinum
1401 781 1575 880 oppidum

450 911 657 987 'Parcarum
686 914 812 982 cestra
839 927 1009 1002 posuere.
1037 904 1185 977 Tuscae
1214 902 1453 981 vehementer
1479 903 1576 981 'Por-

451 1047 614 1114 torornm
634 1030 794 1106 adventu
831 1026 967 1123 gavisi,
1013 1025 1160 1122 magnis
1186 1028 1362 1123 precibus
1389 1054 1414 1104 a
1435 1027 1577 1105 Cbamo

452 1183 578 1240 eorum
595 1157 816 1256 petiverunt,
835 1176 881 1226 ne
902 1174 969 1227 suo
989 1150 1159 1225 discessu
1181 1154 1308 1228 urbem
1329 1162 1405 1229 tam
1429 1155 1578 1253 opulen-

452 1299 529 1366 tam
548 1284 711 1384 praedae
732 1279 958 1356 Christianis
976 1278 1239 1375 relinquerent.
1260 1282 1399 1358 Verum
1416 1281 1577 1358 illecon·
1629 1271 1644 1302 ⁹

453 1411 604 1511 temptis
618 1410 825 1484 Turcarum
839 1405 1026 1505 precibus,
1037 1404 1184 1501 sibique
1194 1429 1240 1481 ac
1258 1405 1337 1482 suis
1354 1408 1493 1506 potins,
1517 1409 1579 1506 qui

453 1541 492 1616 in
512 1560 594 1615 eom
613 1535 838 1635 paucitatem
855 1532 931 1608 iam
948 1530 1090 1606 redacti
1107 1531 1267 1623 fuerant,
1279 1532 1580 1631 quamalienige·
1725 1516 1726 1525 ἵ

454 1665 524 1760 nis,
543 1686 662 1760 neque
681 1662 727 1737 dc
746 1684 787 1735 se
806 1662 900 1735 bene
919 1659 1060 1734 meritis
1080 1660 1342 1736 consulendum
1361 1669 1477 1754 ratus,
1506 1662 1580 1738 ool·

456 1790 563 1866 lectis
582 1789 685 1864 vasis
704 1787 743 1862 in
762 1809 868 1863 suam
888 1809 930 1860 se
949 1785 1139 1882 regionem
1153 1786 1304 1884 recepit,
1322 1787 1476 1862 multum
1496 1809 1581 1862 oon-
1727 1859 1728 1886 p

457 1937 627 2013 querens,
665 1913 763 2012 quod
782 1919 858 1987 tam
876 1913 1017 2011 perfide
1035 1937 1060 1987 a
1087 1910 1225 1988 Sicano
1254 1911 1431 2012 deceptus
1454 1913 1580 1990 deser·

455 2048 591 2139 tusque
628 2041 790 2115 maxima
827 2060 977 2114 snorum
1013 2047 1120 2138 porte
1148 2039 1306 2132 amissa,
1343 2040 1526 2138 inglorius
1545 2041 1584 2115 in
1728 2088 1729 2097 .

456 2164 617 2266 patriam
644 2165 767 2241 redire
787 2171 993 2259 cogeretur.

917 2407 1130 2417 *-

774 2641 951 2718 CAPVT
980 2641 1265 2722 SEPTIMVM.

463 2844 521 2917 De
538 2847 682 2917 incenso
702 2841 917 2940 diruptoque
947 2839 1224 2934 orez-Carae,
1244 2843 1398 2942 aliisque
1411 2845 1588 2920 Tronoob

751 2969 924 3063 pinorum
942 2967 1296 3064 depopulationibus.

588 3165 784 3263 Digressis
805 3170 911 3239 trans
930 3165 1069 3238 Istrum
1098 3164 1343 3240 Tartarorum
1371 3167 1502 3265 copiis,
1522 3169 1591 3243 Mi·

463 3293 591 3380 chael,
634 3291 898 3366 communicato
937 3313 1016 3365 cum
1045 3291 1185 3365 Ioanne
1212 3291 1344 3366 Bolon>
1382 3293 1592 3392 ceterisque

467 3417 624 3492 ducibus
652 3418 816 3508 consilio,
838 3415 1009 3509 vestigiis
1031 3415 1250 3512 fugientium
1272 3416 1516 3493 insistendum
1534 3444 1594 3494 ra·

465 3553 536 3634 tus,
556 3543 693 3616 Istrum
711 3542 796 3638 pari
814 3541 973 3616 audacia
990 3542 1139 3616 traiecit
1157 3539 1518 3618 etOroz·Czikinum
1530 3567 1594 3643 op·

464 3666 589 3767 pidum
617 3665 653 3740 in
681 3665 859 3741 ulteriore
888 3666 1053 3742 Danubii
1079 3667 1164 3764 ripa
1193 3667 1303 3742 situm
1336 3668 1595 3767 imprimisque

465 3795 675 3892 opulentum
694 3794 855 3892 diripere
875 3793 1013 3868 statuit
1033 3791 1175 3884 Quare
1194 3794 1346 3890 cognita
1365 3794 1515 3872 'Furcae
1546 3795 1595 3870 ad

466 3925 609 4017 septem
629 3919 776 3993 circiter
795 3918 912 3992 miliia
931 3917 1137 4010 coadunati,
1158 3927 1195 3993 et
1213 3920 1368 4015 egregie
1387 3921 1502 3995 armis
1520 3929 1597 3996 tor·

468 4044 674 4141 mentisque
693 4045 837 4121 bellicis
867 4044 1006 4137 muniti,
1034 4044 1238 4143 assumptis
1258 4046 1369 4120 etiam
1389 4069 1435 4121 ex
1456 4046 1594 4144 Bulga-

471 4192 595 4245 rorom
632 4177 914 4268 ceterorumque
953 4171 1184 4246 subditorum
1211 4195 1363 4247 numero
1392 4172 1597 4248 selectissi·

469 4294 538 4369 mis
561 4295 777 4393 quibusque,
816 4319 896 4371 cnm
917 4296 990 4371 iam
1007 4297 1091 4371 urbi
1118 4305 1269 4374 nostros
1296 4297 1599 4396 appropinquare

471 4418 688 4503 sensissent,
709 4421 884 4496 audacter
913 4421 952 4495 in
981 4443 1172 4497 occursum
1191 4422 1417 4519 prodierunt,
1438 4423 1599 4521 disposi-

471 4542 593 4640 tisque
613 4543 650 4618 in
670 4545 767 4621 colle
788 4547 949 4644 quodam
977 4549 1171 4623 tormentis
1200 4547 1402 4639 curulibus,
1422 4548 1600 4646 impetum

471 4675 683 4746 nostrorum
700 4672 849 4748 fortiter
878 4673 1052 4782 excipere
1089 4674 1162 4748 uisi
1190 4681 1285 4750 sunt.
1323 4673 1522 4751 Murcum
1551 4673 1602 4751 cd
