3625 5534
475 460 550 535 106
877 479 927 532 10.
949 433 1049 529 naon
1068 477 1218 531 nasovn

331 645 335 651 ’
471 657 818 756 praesentassent,
847 654 1115 746 instructiores,
1144 657 1358 753 propediem
1388 667 1493 736 certa
1521 683 1599 734 cum

472 807 539 881 spe
558 782 715 860 subsidii
734 786 1007 880 exspectarent.
1036 781 1095 856 Ita
1123 781 1299 878 oppidani
1327 786 1467 881 perfide
1487 789 1536 862 ab
1555 786 1601 860 iis

473 910 622 1002 deserti,
642 909 798 1005 ratique,
816 929 1049 1005 nequaquam
1070 907 1217 982 Turcas
1245 908 1317 984 hoc
1345 910 1491 1009 impunc
1512 917 1602 992 latu·

472 1059 547 1128 ros,
566 1035 650 1134 ipsa
667 1033 893 1110 necessitate
912 1039 1081 1127 cogente,
1111 1057 1215 1110 arma
1243 1034 1404 1133 capiunt,
1433 1047 1470 1113 et
1502 1041 1603 1138 oppi-

473 1162 558 1238 dum
577 1162 671 1240 tueri
690 1168 868 1237 statuunt
888 1161 933 1237 Id
951 1145 1016 1235 ubi
1026 1159 1188 1235 Barbari
1205 1172 1468 1258 cognoverunt,
1488 1167 1604 1264 copiis

473 1290 597 1370 statim
616 1286 765 1380 coactis,
785 1286 878 1361 duce
896 1285 1019 1362 Bassa
1047 1285 1363 1382 Temesvariensi,
1391 1299 1597 1384 accurrunt,

476 1441 583 1517 quem
603 1413 660 1489 illi
676 1412 798 1511 primo
826 1409 953 1486 statim
977 1411 1115 1507 impetu
1143 1410 1311 1506 fundunt,
1334 1420 1445 1511 atque
1464 1417 1605 1514 fugant,

474 1546 662 1638 filiumque
682 1538 762 1614 eius
781 1537 854 1612 iam
873 1537 1051 1633 puberem
1069 1535 1107 1610 in
1126 1535 1217 1634 fuga
1236 1537 1472 1616 interficiunt.

582 1667 654 1743 His
675 1663 848 1765 oppidani
869 1664 1105 1740 successibus
1124 1663 1245 1760 magis
1265 1671 1378 1763 atque
1407 1668 1528 1765 magis
1553 1669 1606 1743 in·

474 1794 569 1886 dari,
588 1801 627 1868 et
644 1791 767 1868 omnia
784 1790 951 1889 pericula
969 1789 1008 1863 in
1028 1789 1108 1864 dies
1128 1797 1370 1868 contemnere.
1382 1794 1507 1870 Bassa
1517 1818 1605 1870 vcro

474 1919 622 1997 amissis
642 1939 724 1994 cum
742 1917 818 1993 filio
838 1916 967 2014 copiis,
987 1915 1295 1992 Temesvarinum
1324 1919 1533 2012 revertitur,
1563 1945 1607 1996 ac

400 2121 410 2130 .
475 2045 682 2124 coniunctis
702 2067 782 2119 cum
799 2042 1105 2141 praedecessore,
1125 2049 1165 2117 ut
1183 2050 1327 2138 vocant,
1357 2045 1420 2142 qui
1441 2053 1528 2121 tunc
1547 2047 1606 2122 de·

475 2173 641 2264 cedebat,
662 2195 682 2247 e
701 2169 894 2269 provincia
925 2169 1075 2260 viribus,
1114 2191 1243 2244 rursus
1271 2192 1336 2245 cos
1354 2169 1508 2258 invadit,
1539 2172 1606 2248 sed

474 2299 614 2391 eodem,
634 2318 706 2394 quo
726 2296 829 2393 prius
849 2317 1036 2387 successu,
1057 2296 1106 2370 ab
1126 2295 1322 2392 oppidanis
1351 2297 1525 2392 funditur,
1555 2307 1607 2375 at-

473 2447 544 2522 que
563 2423 724 2519 fugatur.
735 2421 787 2495 Et
805 2420 877 2496 iam
897 2427 1110 2518 quaternas,
1131 2443 1269 2517 casque
1280 2444 1436 2518 magnas
1456 2423 1502 2500 da
1515 2423 1605 2499 Bar·

473 2549 577 2627 baris
596 2548 774 2624 victorias
792 2547 920 2624 miseri
940 2555 1232 2646 reportaverant,
1263 2549 1366 2624 etad
1388 2547 1439 2624 25
1459 2549 1607 2626 circiter

473 2674 658 2751 hominnm
695 2673 812 2748 millia
849 2673 1006 2772 carptim
1036 2672 1326 2767 trucidaverant,
1360 2699 1440 2751 cum
1470 2699 1607 2773 nequa·

474 2824 583 2900 quam
603 2821 645 2874 se
663 2797 744 2872 iore
762 2821 876 2896 pares
904 2798 1076 2874 hostibus
1104 2799 1188 2890 rati,
1216 2799 1254 2873 ni
1282 2799 1433 2874 auxiliis
1458 2823 1605 2898 quoque

475 2924 769 3002 Christianorum
787 2915 1254 3024 adiuvarentur,[chatos,
1275 2923 1377 2998 etad
1397 2923 1608 3024 Principem

477 3052 789 3153 Transylvaniae,
809 3050 1023 3148 Banumque
1035 3051 1316 3149 Lugasiensem,
1336 3059 1374 3126 et
1392 3052 1440 3127 ad
1450 3049 1606 3149 Stepha-

478 3204 563 3256 num
583 3179 808 3254 Bathoreum
829 3174 918 3275 (qui,
937 3184 1023 3253 tunc
1051 3199 1132 3251 cum
1152 3175 1287 3252 ceteris
1308 3173 1502 3273 Vngariae
1520 3201 1608 3276 pro-

477 3305 635 3392 ceribus,
655 3302 868 3379 Hntvannm
888 3302 1116 3396 obsidebat),
1128 3299 1609 3379 communiconsiiiodecer-

474 3439 575 3508 nnnt.
597 3429 805 3528 Respondit
829 3429 1041 3506 Bathoreus
1069 3453 1116 3504 ex
1146 3428 1290 3505 consilii
1321 3429 1518 3520 sententia,
1557 3431 1609 3505 in-

475 3555 645 3632 consulte
683 3576 840 3653 prorsus
879 3577 945 3630 eos
982 3553 1130 3647 fecisse,
1169 3552 1268 3651 quod
1305 3574 1377 3627 non
1406 3563 1604 3652 expectato

480 3679 778 3758 Christianorum
788 3700 977 3773 successu,
995 3680 1032 3754 in
1044 3679 1126 3778 ipso
1138 3678 1321 3753 Turcicae
1332 3677 1482 3754 ditionis
1493 3680 1607 3754 medi·

477 3808 584 3885 tullio
605 3813 734 3883 contra
752 3806 977 3882 valentiores
995 3806 1187 3882 Barbaros
1217 3828 1321 3880 arma
1341 3805 1609 3902 sumpsissent3

473 3957 560 4010 sese
598 3932 721 4025 modo,
758 3931 926 4008 intanta
954 3955 1075 4008 rernm
1105 3929 1333 4020 difficultate,
1370 3930 1610 4028 locorumque

473 4057 757 4156 longinquitate,
777 4057 926 4154 quando
944 4055 1018 4154 ipsi
1038 4055 1149 4130 etiam
1179 4054 1227 4130 ad
1254 4055 1458 4151 ungendam
1483 4063 1610 4132 tantae

474 4181 575 4258 arcis
594 4180 908 4281 oppugnationem
937 4179 1115 4257 subsidiis
1134 4179 1355 4276 indigerent,
1375 4203 1611 4277 nequaquam

477 4330 592 4407 posse
610 4309 709 4383 ullas
737 4307 831 4405 ipsis
860 4309 1052 4407 suppetias
1082 4305 1309 4382 submittere.
1350 4301 1613 4382 Verumtamen

475 4433 647 4531 quoniam
666 4454 711 4507 eo
730 4431 804 4507 iarn
823 4433 1100 4531 processissent
1128 4431 1317 4522 audacias,
1347 4432 1444 4508 unde
1462 4431 1611 4507 nonnisi

430 4647 435 4656 ι
473 4571 554 4633 cum
572 4555 739 4652 victoria,
758 4564 822 4632 ant
839 4565 1003 4633 extremo
1031 4557 1195 4655 periculo
1215 4556 1365 4652 regredi
1379 4555 1529 4631 liceret:
1551 4579 1609 4632 sc·

472 4702 514 4758 se
533 4681 626 4779 ipsis
646 4685 820 4757 auctores
850 4703 950 4777 esse,
981 4705 1026 4757 ne
1047 4681 1107 4757 vel
1136 4679 1296 4757 castella
1317 4681 1539 4774 Turcarum,
1559 4681 1613 4756 uti
