<?xml version="1.0" encoding="UTF-8"?>
<!DOCTYPE html PUBLIC "-//W3C//DTD XHTML 1.0 Transitional//EN"
    "http://www.w3.org/TR/xhtml1/DTD/xhtml1-transitional.dtd">
<html xmlns="http://www.w3.org/1999/xhtml" xml:lang="en" lang="en">
 <head>
  <title>
</title>
<meta http-equiv="Content-Type" content="text/html;charset=utf-8" />
  <meta name='ocr-system' content='tesseract 3.04.00' />
  <meta name='ocr-capabilities' content='ocr_page ocr_carea ocr_par ocr_line ocrx_word'/>
</head>
<body>
  <div class='ocr_page' id='page_1' title='image "./magyarhistorija00decsgoog_0393.png"; bbox 0 0 3625 5534; ppageno 0'>
   <div class='ocr_carea' id='block_1_1' title="bbox 487 523 1331 603">
    <p class='ocr_par' dir='ltr' id='par_1_1' title="bbox 487 523 1331 603">
     <span class='ocr_line' id='line_1_1' title="bbox 487 523 1331 603; baseline 0.006 -5"><span class='ocrx_word' id='word_1_1' title='bbox 487 546 536 598; x_wconf 83' lang='lat' dir='ltr'><strong>ou</strong></span> <span class='ocrx_word' id='word_1_2' title='bbox 554 549 635 599; x_wconf 81' lang='lat' dir='ltr'><strong>aaa.</strong></span> <span class='ocrx_word' id='word_1_3' title='bbox 654 548 738 600; x_wconf 83' lang='lat' dir='ltr'><strong>vno.</strong></span> <span class='ocrx_word' id='word_1_4' title='bbox 760 549 843 599; x_wconf 85' lang='lat' dir='ltr'><strong>unc.</strong></span> <span class='ocrx_word' id='word_1_5' title='bbox 866 545 916 600; x_wconf 80' lang='lat' dir='ltr'><strong>nr.</strong></span> <span class='ocrx_word' id='word_1_6' title='bbox 939 551 972 601; x_wconf 82' lang='lat' dir='ltr'><strong>n.</strong></span> <span class='ocrx_word' id='word_1_7' title='bbox 992 547 1015 598; x_wconf 90' lang='lat'><strong>1.</strong></span> <span class='ocrx_word' id='word_1_8' title='bbox 1253 523 1331 603; x_wconf 85' lang='lat'><strong>303</strong></span> 
     </span>
    </p>
   </div>
   <div class='ocr_carea' id='block_1_2' title="bbox 201 724 1334 4848">
    <p class='ocr_par' dir='ltr' id='par_1_2' title="bbox 201 724 1334 4848">
     <span class='ocr_line' id='line_1_2' title="bbox 201 724 1332 823; baseline 0.002 -25"><span class='ocrx_word' id='word_1_9' title='bbox 201 724 360 800; x_wconf 89' lang='lat' dir='ltr'><strong>consilia</strong></span> <span class='ocrx_word' id='word_1_10' title='bbox 378 726 507 821; x_wconf 84' lang='lat' dir='ltr'><strong>reguis</strong></span> <span class='ocrx_word' id='word_1_11' title='bbox 527 747 571 800; x_wconf 91' lang='lat' dir='ltr'><strong>ac</strong></span> <span class='ocrx_word' id='word_1_12' title='bbox 588 725 835 823; x_wconf 77' lang='lat' dir='ltr'><strong>potestatibus</strong></span> <span class='ocrx_word' id='word_1_13' title='bbox 853 724 971 799; x_wconf 83' lang='lat' dir='ltr'><strong>fuisse</strong></span> <span class='ocrx_word' id='word_1_14' title='bbox 991 724 1182 817; x_wconf 89' lang='lat' dir='ltr'><strong>salutaria,</strong></span> <span class='ocrx_word' id='word_1_15' title='bbox 1211 748 1332 823; x_wconf 91' lang='lat' dir='ltr'><strong>neque</strong></span> 
     </span>
     <span class='ocr_line' id='line_1_3' title="bbox 201 830 1331 948; baseline 0.001 -23"><span class='ocrx_word' id='word_1_16' title='bbox 201 850 315 926; x_wconf 91' lang='lat' dir='ltr'><strong>etiam</strong></span> <span class='ocrx_word' id='word_1_17' title='bbox 342 830 549 926; x_wconf 87' lang='lat' dir='ltr'><strong>ullomodo</strong></span> <span class='ocrx_word' id='word_1_18' title='bbox 579 873 664 925; x_wconf 88' lang='lat' dir='ltr'><strong>esse</strong></span> <span class='ocrx_word' id='word_1_19' title='bbox 684 871 807 947; x_wconf 90' lang='lat' dir='ltr'><strong>posse.</strong></span> <span class='ocrx_word' id='word_1_20' title='bbox 847 851 945 925; x_wconf 90' lang='lat' dir='ltr'><strong>Nam</strong></span> <span class='ocrx_word' id='word_1_21' title='bbox 965 851 1229 948; x_wconf 91' lang='lat' dir='ltr'><strong>quodquidam</strong></span> <span class='ocrx_word' id='word_1_22' title='bbox 1251 875 1331 927; x_wconf 90' lang='lat' dir='ltr'><strong>oum</strong></span> 
     </span>
     <span class='ocr_line' id='line_1_4' title="bbox 202 968 1331 1075; baseline 0.004 -26"><span class='ocrx_word' id='word_1_23' title='bbox 202 975 322 1050; x_wconf 82' lang='lat' dir='ltr'><strong>exteri</strong></span> <span class='ocrx_word' id='word_1_24' title='bbox 349 984 426 1052; x_wconf 90' lang='lat' dir='ltr'><strong>tum</strong></span> <span class='ocrx_word' id='word_1_25' title='bbox 454 998 542 1050; x_wconf 92' lang='lat' dir='ltr'><strong>vero</strong></span> <span class='ocrx_word' id='word_1_26' title='bbox 569 968 767 1067; x_wconf 89' lang='lat' dir='ltr'><strong>nostrates,</strong></span> <span class='ocrx_word' id='word_1_27' title='bbox 796 976 923 1050; x_wconf 88' lang='lat' dir='ltr'><strong>nescio</strong></span> <span class='ocrx_word' id='word_1_28' title='bbox 954 977 1051 1072; x_wconf 93' lang='lat' dir='ltr'><strong>quod</strong></span> <span class='ocrx_word' id='word_1_29' title='bbox 1079 976 1193 1051; x_wconf 91' lang='lat' dir='ltr'><strong>otium</strong></span> <span class='ocrx_word' id='word_1_30' title='bbox 1220 987 1331 1075; x_wconf 89' lang='lat' dir='ltr'><strong>atque</strong></span> 
     </span>
     <span class='ocr_line' id='line_1_5' title="bbox 202 1100 1329 1194; baseline 0.004 -19"><span class='ocrx_word' id='word_1_31' title='bbox 202 1100 439 1176; x_wconf 77' lang='lat' dir='ltr'><strong>securitatem</strong></span> <span class='ocrx_word' id='word_1_32' title='bbox 458 1125 505 1176; x_wconf 86' lang='lat' dir='ltr'><strong>cx</strong></span> <span class='ocrx_word' id='word_1_33' title='bbox 526 1101 688 1176; x_wconf 81' lang='lat' dir='ltr'><strong>Turcica</strong></span> <span class='ocrx_word' id='word_1_34' title='bbox 708 1101 1031 1176; x_wconf 83' lang='lat' dir='ltr'><strong>confoederatione</strong></span> <span class='ocrx_word' id='word_1_35' title='bbox 1051 1101 1123 1176; x_wconf 93' lang='lat' dir='ltr'><strong>sibi</strong></span> <span class='ocrx_word' id='word_1_36' title='bbox 1135 1104 1329 1194; x_wconf 90' lang='lat' dir='ltr'><strong>somniant,</strong></span> 
     </span>
     <span class='ocr_line' id='line_1_6' title="bbox 203 1222 1334 1325; baseline 0.001 -24"><span class='ocrx_word' id='word_1_37' title='bbox 203 1235 281 1302; x_wconf 90' lang='lat' dir='ltr'><strong>toto</strong></span> <span class='ocrx_word' id='word_1_38' title='bbox 302 1235 402 1302; x_wconf 86' lang='lat' dir='ltr'><strong>certe</strong></span> <span class='ocrx_word' id='word_1_39' title='bbox 432 1223 486 1325; x_wconf 84' lang='lat' dir='ltr'><strong>(ut</strong></span> <span class='ocrx_word' id='word_1_40' title='bbox 505 1222 650 1324; x_wconf 86' lang='lat' dir='ltr'><strong>dicitur)</strong></span> <span class='ocrx_word' id='word_1_41' title='bbox 688 1228 791 1301; x_wconf 92' lang='lat' dir='ltr'><strong>coelo</strong></span> <span class='ocrx_word' id='word_1_42' title='bbox 820 1251 844 1301; x_wconf 90' lang='lat' dir='ltr'><strong>a</strong></span> <span class='ocrx_word' id='word_1_43' title='bbox 871 1228 1031 1302; x_wconf 84' lang='lat' dir='ltr'><strong>veritate</strong></span> <span class='ocrx_word' id='word_1_44' title='bbox 1060 1229 1114 1303; x_wconf 92' lang='lat' dir='ltr'><strong>rei</strong></span> <span class='ocrx_word' id='word_1_45' title='bbox 1143 1229 1334 1305; x_wconf 90' lang='lat' dir='ltr'><strong>aberrant.</strong></span> 
     </span>
     <span class='ocr_line' id='line_1_7' title="bbox 202 1349 1333 1449; baseline 0.002 -23"><span class='ocrx_word' id='word_1_46' title='bbox 202 1353 299 1426; x_wconf 87' lang='lat' dir='ltr'><strong>Nam</strong></span> <span class='ocrx_word' id='word_1_47' title='bbox 318 1352 473 1448; x_wconf 92' lang='lat' dir='ltr'><strong>primum</strong></span> <span class='ocrx_word' id='word_1_48' title='bbox 494 1351 639 1449; x_wconf 91' lang='lat' dir='ltr'><strong>quidem</strong></span> <span class='ocrx_word' id='word_1_49' title='bbox 650 1352 733 1424; x_wconf 92' lang='lat' dir='ltr'><strong>Deo</strong></span> <span class='ocrx_word' id='word_1_50' title='bbox 752 1351 825 1448; x_wconf 89' lang='lat' dir='ltr'><strong>ipsi</strong></span> <span class='ocrx_word' id='word_1_51' title='bbox 845 1358 903 1425; x_wconf 92' lang='lat' dir='ltr'><strong>ter</strong></span> <span class='ocrx_word' id='word_1_52' title='bbox 915 1349 1066 1449; x_wconf 91' lang='lat' dir='ltr'><strong>Optimo</strong></span> <span class='ocrx_word' id='word_1_53' title='bbox 1078 1351 1241 1428; x_wconf 88' lang='lat' dir='ltr'><strong>Maximo</strong></span> <span class='ocrx_word' id='word_1_54' title='bbox 1255 1378 1333 1428; x_wconf 86' lang='lat' dir='ltr'><strong>rem</strong></span> 
     </span>
     <span class='ocr_line' id='line_1_8' title="bbox 203 1477 1332 1576; baseline 0.001 -24"><span class='ocrx_word' id='word_1_55' title='bbox 203 1479 317 1573; x_wconf 84' lang='lat' dir='ltr'><strong>louge</strong></span> <span class='ocrx_word' id='word_1_56' title='bbox 351 1477 641 1574; x_wconf 83' lang='lat' dir='ltr'><strong>ingratissimam</strong></span> <span class='ocrx_word' id='word_1_57' title='bbox 669 1477 819 1568; x_wconf 84' lang='lat' dir='ltr'><strong>iaciunt,</strong></span> <span class='ocrx_word' id='word_1_58' title='bbox 858 1478 919 1573; x_wconf 91' lang='lat' dir='ltr'><strong>qui</strong></span> <span class='ocrx_word' id='word_1_59' title='bbox 948 1478 1087 1552; x_wconf 87' lang='lat' dir='ltr'><strong>mavult</strong></span> <span class='ocrx_word' id='word_1_60' title='bbox 1114 1501 1182 1575; x_wconf 93' lang='lat' dir='ltr'><strong>pro</strong></span> <span class='ocrx_word' id='word_1_61' title='bbox 1211 1480 1332 1576; x_wconf 84' lang='lat' dir='ltr'><strong>gloria</strong></span> 
     </span>
     <span class='ocr_line' id='line_1_9' title="bbox 208 1602 1333 1700; baseline -0.002 -22"><span class='ocrx_word' id='word_1_62' title='bbox 208 1603 367 1678; x_wconf 91' lang='lat' dir='ltr'><strong>nominis</strong></span> <span class='ocrx_word' id='word_1_63' title='bbox 386 1603 444 1676; x_wconf 87' lang='lat' dir='ltr'><strong>sui</strong></span> <span class='ocrx_word' id='word_1_64' title='bbox 473 1627 518 1677; x_wconf 92' lang='lat' dir='ltr'><strong>ac</strong></span> <span class='ocrx_word' id='word_1_65' title='bbox 537 1602 751 1679; x_wconf 88' lang='lat' dir='ltr'><strong>defensioue</strong></span> <span class='ocrx_word' id='word_1_66' title='bbox 770 1603 966 1676; x_wconf 85' lang='lat' dir='ltr'><strong>Ecclesiae</strong></span> <span class='ocrx_word' id='word_1_67' title='bbox 996 1603 1108 1676; x_wconf 86' lang='lat' dir='ltr'><strong>vitam</strong></span> <span class='ocrx_word' id='word_1_68' title='bbox 1128 1610 1165 1676; x_wconf 89' lang='lat' dir='ltr'><strong>ct</strong></span> <span class='ocrx_word' id='word_1_69' title='bbox 1185 1605 1333 1700; x_wconf 85' lang='lat' dir='ltr'><strong>sangui-</strong></span> 
     </span>
     <span class='ocr_line' id='line_1_10' title="bbox 202 1728 1330 1828; baseline 0.002 -26"><span class='ocrx_word' id='word_1_70' title='bbox 202 1752 296 1820; x_wconf 91' lang='lat' dir='ltr'><strong>nem,</strong></span> <span class='ocrx_word' id='word_1_71' title='bbox 324 1728 358 1803; x_wconf 93' lang='lat' dir='ltr'><strong>si</strong></span> <span class='ocrx_word' id='word_1_72' title='bbox 385 1729 441 1804; x_wconf 90' lang='lat' dir='ltr'><strong>ita</strong></span> <span class='ocrx_word' id='word_1_73' title='bbox 464 1729 669 1804; x_wconf 86' lang='lat' dir='ltr'><strong>necessitas</strong></span> <span class='ocrx_word' id='word_1_74' title='bbox 688 1730 862 1828; x_wconf 88' lang='lat' dir='ltr'><strong>postulet,</strong></span> <span class='ocrx_word' id='word_1_75' title='bbox 882 1729 1117 1826; x_wconf 87' lang='lat' dir='ltr'><strong>profundere,</strong></span> <span class='ocrx_word' id='word_1_76' title='bbox 1139 1753 1248 1825; x_wconf 88' lang='lat' dir='ltr'><strong>quam</strong></span> <span class='ocrx_word' id='word_1_77' title='bbox 1267 1731 1330 1803; x_wconf 93' lang='lat' dir='ltr'><strong>im·</strong></span> 
     </span>
     <span class='ocr_line' id='line_1_11' title="bbox 206 1839 1331 1947; baseline 0.003 -20"><span class='ocrx_word' id='word_1_78' title='bbox 206 1854 459 1928; x_wconf 77' lang='lat' dir='ltr'><strong>inanissimam</strong></span> <span class='ocrx_word' id='word_1_79' title='bbox 478 1854 727 1929; x_wconf 87' lang='lat' dir='ltr'><strong>Barbarorum</strong></span> <span class='ocrx_word' id='word_1_80' title='bbox 748 1839 1013 1947; x_wconf 90' lang='lat' dir='ltr'><strong>crudelitatem,</strong></span> <span class='ocrx_word' id='word_1_81' title='bbox 1042 1876 1114 1926; x_wconf 88' lang='lat' dir='ltr'><strong>nou</strong></span> <span class='ocrx_word' id='word_1_82' title='bbox 1134 1854 1252 1928; x_wconf 90' lang='lat' dir='ltr'><strong>solum</strong></span> <span class='ocrx_word' id='word_1_83' title='bbox 1273 1879 1331 1930; x_wconf 91' lang='lat' dir='ltr'><strong>as-</strong></span> 
     </span>
     <span class='ocr_line' id='line_1_12' title="bbox 202 1978 1330 2075; baseline 0 -23"><span class='ocrx_word' id='word_1_84' title='bbox 202 1978 388 2070; x_wconf 87' lang='lat' dir='ltr'><strong>sensione,</strong></span> <span class='ocrx_word' id='word_1_85' title='bbox 407 1978 475 2054; x_wconf 91' lang='lat' dir='ltr'><strong>sed</strong></span> <span class='ocrx_word' id='word_1_86' title='bbox 494 1978 603 2054; x_wconf 88' lang='lat' dir='ltr'><strong>etiam</strong></span> <span class='ocrx_word' id='word_1_87' title='bbox 624 1979 765 2053; x_wconf 90' lang='lat' dir='ltr'><strong>viribus</strong></span> <span class='ocrx_word' id='word_1_88' title='bbox 784 1979 933 2070; x_wconf 90' lang='lat' dir='ltr'><strong>uostris,</strong></span> <span class='ocrx_word' id='word_1_89' title='bbox 955 1980 1330 2075; x_wconf 90' lang='lat' dir='ltr'><strong>quocunquetandem</strong></span> 
     </span>
     <span class='ocr_line' id='line_1_13' title="bbox 202 2103 1333 2213; baseline -0.001 -33"><span class='ocrx_word' id='word_1_90' title='bbox 202 2104 311 2180; x_wconf 93' lang='lat' dir='ltr'><strong>modo</strong></span> <span class='ocrx_word' id='word_1_91' title='bbox 330 2127 560 2213; x_wconf 81' lang='lat' dir='ltr'><strong>promovere.</strong></span> <span class='ocrx_word' id='word_1_92' title='bbox 583 2103 659 2179; x_wconf 86' lang='lat' dir='ltr'><strong>Sed</strong></span> <span class='ocrx_word' id='word_1_93' title='bbox 678 2113 715 2180; x_wconf 92' lang='lat' dir='ltr'><strong>et</strong></span> <span class='ocrx_word' id='word_1_94' title='bbox 730 2107 921 2180; x_wconf 89' lang='lat' dir='ltr'><strong>Barbaros</strong></span> <span class='ocrx_word' id='word_1_95' title='bbox 936 2106 1051 2202; x_wconf 87' lang='lat' dir='ltr'><strong>ipsos,</strong></span> <span class='ocrx_word' id='word_1_96' title='bbox 1072 2105 1206 2202; x_wconf 90' lang='lat' dir='ltr'><strong>quibus</strong></span> <span class='ocrx_word' id='word_1_97' title='bbox 1220 2105 1333 2201; x_wconf 91' lang='lat' dir='ltr'><strong>impia</strong></span> 
     </span>
     <span class='ocr_line' id='line_1_14' title="bbox 203 2229 1334 2329; baseline 0.002 -25"><span class='ocrx_word' id='word_1_98' title='bbox 203 2231 276 2307; x_wconf 88' lang='lat' dir='ltr'><strong>bae</strong></span> <span class='ocrx_word' id='word_1_99' title='bbox 295 2285 420 2303; x_wconf 92' lang='grc'><strong>.....</strong></span> <span class='ocrx_word' id='word_1_100' title='bbox 440 2229 644 2325; x_wconf 85' lang='lat' dir='ltr'><strong>gratificari</strong></span> <span class='ocrx_word' id='word_1_101' title='bbox 664 2230 845 2323; x_wconf 84' lang='lat' dir='ltr'><strong>videntur,</strong></span> <span class='ocrx_word' id='word_1_102' title='bbox 869 2231 1193 2328; x_wconf 85' lang='lat' dir='ltr'><strong>inferendapotius</strong></span> <span class='ocrx_word' id='word_1_103' title='bbox 1214 2254 1334 2329; x_wconf 90' lang='lat' dir='ltr'><strong>poena</strong></span> 
     </span>
     <span class='ocr_line' id='line_1_15' title="bbox 209 2355 1333 2455; baseline -0.002 -22"><span class='ocrx_word' id='word_1_104' title='bbox 209 2381 320 2454; x_wconf 88' lang='lat' dir='ltr'><strong>quam</strong></span> <span class='ocrx_word' id='word_1_105' title='bbox 339 2355 535 2430; x_wconf 83' lang='lat' dir='ltr'><strong>referenda</strong></span> <span class='ocrx_word' id='word_1_106' title='bbox 562 2355 688 2451; x_wconf 84' lang='lat' dir='ltr'><strong>gratia</strong></span> <span class='ocrx_word' id='word_1_107' title='bbox 720 2356 791 2430; x_wconf 90' lang='lat' dir='ltr'><strong>hoc</strong></span> <span class='ocrx_word' id='word_1_108' title='bbox 820 2378 944 2430; x_wconf 90' lang='lat' dir='ltr'><strong>corum</strong></span> <span class='ocrx_word' id='word_1_109' title='bbox 963 2358 1100 2431; x_wconf 87' lang='lat' dir='ltr'><strong>iactum</strong></span> <span class='ocrx_word' id='word_1_110' title='bbox 1121 2380 1333 2455; x_wconf 88' lang='lat' dir='ltr'><strong>compensa-</strong></span> 
     </span>
     <span class='ocr_line' id='line_1_16' title="bbox 204 2483 1333 2580; baseline 0 -23"><span class='ocrx_word' id='word_1_111' title='bbox 204 2493 308 2560; x_wconf 90' lang='lat' dir='ltr'><strong>turos</strong></span> <span class='ocrx_word' id='word_1_112' title='bbox 328 2506 414 2558; x_wconf 89' lang='lat' dir='ltr'><strong>esse</strong></span> <span class='ocrx_word' id='word_1_113' title='bbox 434 2484 545 2580; x_wconf 92' lang='lat' dir='ltr'><strong>plane</strong></span> <span class='ocrx_word' id='word_1_114' title='bbox 566 2483 710 2558; x_wconf 92' lang='lat' dir='ltr'><strong>dubium</strong></span> <span class='ocrx_word' id='word_1_115' title='bbox 731 2491 892 2558; x_wconf 87' lang='lat' dir='ltr'><strong>nonest.</strong></span> <span class='ocrx_word' id='word_1_116' title='bbox 916 2484 1018 2558; x_wconf 89' lang='lat' dir='ltr'><strong>Nihil</strong></span> <span class='ocrx_word' id='word_1_117' title='bbox 1032 2484 1128 2558; x_wconf 91' lang='lat' dir='ltr'><strong>enim</strong></span> <span class='ocrx_word' id='word_1_118' title='bbox 1148 2483 1333 2559; x_wconf 91' lang='lat' dir='ltr'><strong>aliudma-</strong></span> 
     </span>
     <span class='ocr_line' id='line_1_17' title="bbox 204 2607 1333 2708; baseline -0.004 -22"><span class='ocrx_word' id='word_1_119' title='bbox 204 2613 264 2708; x_wconf 86' lang='lat' dir='ltr'><strong>gis</strong></span> <span class='ocrx_word' id='word_1_120' title='bbox 283 2611 484 2700; x_wconf 90' lang='lat' dir='ltr'><strong>intendunt,</strong></span> <span class='ocrx_word' id='word_1_121' title='bbox 512 2632 621 2706; x_wconf 92' lang='lat' dir='ltr'><strong>quam</strong></span> <span class='ocrx_word' id='word_1_122' title='bbox 640 2618 688 2701; x_wconf 91' lang='lat' dir='ltr'><strong>ut,</strong></span> <span class='ocrx_word' id='word_1_123' title='bbox 718 2607 944 2685; x_wconf 83' lang='lat' dir='ltr'><strong>Christianis</strong></span> <span class='ocrx_word' id='word_1_124' title='bbox 964 2610 1110 2707; x_wconf 84' lang='lat' dir='ltr'><strong>populls</strong></span> <span class='ocrx_word' id='word_1_125' title='bbox 1140 2633 1223 2685; x_wconf 89' lang='lat' dir='ltr'><strong>ase</strong></span> <span class='ocrx_word' id='word_1_126' title='bbox 1243 2610 1333 2684; x_wconf 92' lang='lat' dir='ltr'><strong>invi-</strong></span> 
     </span>
     <span class='ocr_line' id='line_1_18' title="bbox 205 2736 1333 2834; baseline 0.001 -23"><span class='ocrx_word' id='word_1_127' title='bbox 205 2762 283 2813; x_wconf 93' lang='lat' dir='ltr'><strong>cem</strong></span> <span class='ocrx_word' id='word_1_128' title='bbox 303 2737 526 2829; x_wconf 85' lang='lat' dir='ltr'><strong>dissociatis,</strong></span> <span class='ocrx_word' id='word_1_129' title='bbox 546 2737 800 2816; x_wconf 86' lang='lat' dir='ltr'><strong>vires.eorum</strong></span> <span class='ocrx_word' id='word_1_130' title='bbox 821 2741 1007 2830; x_wconf 84' lang='lat' dir='ltr'><strong>enervent,</strong></span> <span class='ocrx_word' id='word_1_131' title='bbox 1039 2736 1199 2834; x_wconf 90' lang='lat' dir='ltr'><strong>dataque</strong></span> <span class='ocrx_word' id='word_1_132' title='bbox 1228 2759 1333 2812; x_wconf 86' lang='lat' dir='ltr'><strong>ocea-</strong></span> 
     </span>
     <span class='ocr_line' id='line_1_19' title="bbox 204 2859 1332 2960; baseline 0 -22"><span class='ocrx_word' id='word_1_133' title='bbox 204 2864 310 2938; x_wconf 88' lang='lat' dir='ltr'><strong>sione</strong></span> <span class='ocrx_word' id='word_1_134' title='bbox 328 2884 393 2938; x_wconf 91' lang='lat' dir='ltr'><strong>eos</strong></span> <span class='ocrx_word' id='word_1_135' title='bbox 408 2862 516 2938; x_wconf 88' lang='lat' dir='ltr'><strong>simul</strong></span> <span class='ocrx_word' id='word_1_136' title='bbox 536 2883 661 2936; x_wconf 90' lang='lat' dir='ltr'><strong>omnes</strong></span> <span class='ocrx_word' id='word_1_137' title='bbox 681 2861 884 2958; x_wconf 88' lang='lat' dir='ltr'><strong>imparatos</strong></span> <span class='ocrx_word' id='word_1_138' title='bbox 905 2862 1125 2958; x_wconf 88' lang='lat' dir='ltr'><strong>opprimant.</strong></span> <span class='ocrx_word' id='word_1_139' title='bbox 1150 2859 1231 2951; x_wconf 80' lang='lat' dir='ltr'><strong>Quo</strong></span> <span class='ocrx_word' id='word_1_140' title='bbox 1250 2861 1332 2960; x_wconf 92' lang='lat' dir='ltr'><strong>ipso</strong></span> 
     </span>
     <span class='ocr_line' id='line_1_20' title="bbox 206 2987 1333 3088; baseline -0.004 -24"><span class='ocrx_word' id='word_1_141' title='bbox 206 2998 372 3088; x_wconf 89' lang='lat' dir='ltr'><strong>tempore</strong></span> <span class='ocrx_word' id='word_1_142' title='bbox 391 3011 475 3065; x_wconf 92' lang='lat' dir='ltr'><strong>sero</strong></span> <span class='ocrx_word' id='word_1_143' title='bbox 504 2989 653 3062; x_wconf 90' lang='lat' dir='ltr'><strong>nimium</strong></span> <span class='ocrx_word' id='word_1_144' title='bbox 678 2987 981 3080; x_wconf 87' lang='lat' dir='ltr'><strong>animadvertent,</strong></span> <span class='ocrx_word' id='word_1_145' title='bbox 1010 2987 1130 3061; x_wconf 91' lang='lat' dir='ltr'><strong>media</strong></span> <span class='ocrx_word' id='word_1_146' title='bbox 1158 2987 1230 3060; x_wconf 90' lang='lat' dir='ltr'><strong>sibi</strong></span> <span class='ocrx_word' id='word_1_147' title='bbox 1250 3010 1333 3060; x_wconf 89' lang='lat' dir='ltr'><strong>cou-</strong></span> 
     </span>
     <span class='ocr_line' id='line_1_21' title="bbox 208 3111 1332 3212; baseline -0.004 -23"><span class='ocrx_word' id='word_1_148' title='bbox 208 3113 294 3189; x_wconf 88' lang='lat' dir='ltr'><strong>sitia</strong></span> <span class='ocrx_word' id='word_1_149' title='bbox 313 3121 484 3212; x_wconf 85' lang='lat' dir='ltr'><strong>captatae</strong></span> <span class='ocrx_word' id='word_1_150' title='bbox 503 3113 608 3212; x_wconf 87' lang='lat' dir='ltr'><strong>pacis</strong></span> <span class='ocrx_word' id='word_1_151' title='bbox 627 3136 859 3209; x_wconf 88' lang='lat' dir='ltr'><strong>nequaquam</strong></span> <span class='ocrx_word' id='word_1_152' title='bbox 878 3113 1063 3186; x_wconf 89' lang='lat' dir='ltr'><strong>salutaria</strong></span> <span class='ocrx_word' id='word_1_153' title='bbox 1081 3111 1208 3185; x_wconf 82' lang='lat' dir='ltr'><strong>luisse.</strong></span> <span class='ocrx_word' id='word_1_154' title='bbox 1248 3111 1332 3206; x_wconf 85' lang='lat' dir='ltr'><strong>Ego</strong></span> 
     </span>
     <span class='ocr_line' id='line_1_22' title="bbox 207 3235 1333 3340; baseline -0.002 -28"><span class='ocrx_word' id='word_1_155' title='bbox 207 3262 294 3314; x_wconf 84' lang='lat' dir='ltr'><strong>vero</strong></span> <span class='ocrx_word' id='word_1_156' title='bbox 315 3238 501 3313; x_wconf 91' lang='lat' dir='ltr'><strong>diversam</strong></span> <span class='ocrx_word' id='word_1_157' title='bbox 522 3239 666 3312; x_wconf 93' lang='lat' dir='ltr'><strong>omnino</strong></span> <span class='ocrx_word' id='word_1_158' title='bbox 697 3244 860 3312; x_wconf 87' lang='lat' dir='ltr'><strong>sectatus</strong></span> <span class='ocrx_word' id='word_1_159' title='bbox 889 3235 1168 3340; x_wconf 86' lang='lat' dir='ltr'><strong>conservandae</strong></span> <span class='ocrx_word' id='word_1_160' title='bbox 1188 3237 1333 3333; x_wconf 90' lang='lat' dir='ltr'><strong>patriae</strong></span> 
     </span>
     <span class='ocr_line' id='line_1_23' title="bbox 205 3361 1332 3461; baseline -0.003 -21"><span class='ocrx_word' id='word_1_161' title='bbox 205 3366 397 3458; x_wconf 88' lang='lat' dir='ltr'><strong>rationem,</strong></span> <span class='ocrx_word' id='word_1_162' title='bbox 426 3364 593 3461; x_wconf 91' lang='lat' dir='ltr'><strong>plurimis</strong></span> <span class='ocrx_word' id='word_1_163' title='bbox 622 3365 823 3440; x_wconf 89' lang='lat' dir='ltr'><strong>iuratorum</strong></span> <span class='ocrx_word' id='word_1_164' title='bbox 843 3361 1046 3437; x_wconf 81' lang='lat' dir='ltr'><strong>Christiani</strong></span> <span class='ocrx_word' id='word_1_165' title='bbox 1071 3361 1230 3438; x_wconf 91' lang='lat' dir='ltr'><strong>nominis</strong></span> <span class='ocrx_word' id='word_1_166' title='bbox 1248 3363 1332 3438; x_wconf 91' lang='lat' dir='ltr'><strong>hos·</strong></span> 
     </span>
     <span class='ocr_line' id='line_1_24' title="bbox 206 3487 1333 3587; baseline 0 -23"><span class='ocrx_word' id='word_1_167' title='bbox 206 3491 295 3566; x_wconf 93' lang='lat' dir='ltr'><strong>tium</strong></span> <span class='ocrx_word' id='word_1_168' title='bbox 314 3491 458 3566; x_wconf 92' lang='lat' dir='ltr'><strong>iniuriis</strong></span> <span class='ocrx_word' id='word_1_169' title='bbox 483 3492 692 3583; x_wconf 87' lang='lat' dir='ltr'><strong>lacessitus,</strong></span> <span class='ocrx_word' id='word_1_170' title='bbox 722 3491 834 3566; x_wconf 89' lang='lat' dir='ltr'><strong>malui</strong></span> <span class='ocrx_word' id='word_1_171' title='bbox 853 3487 1079 3565; x_wconf 84' lang='lat' dir='ltr'><strong>Christianis</strong></span> <span class='ocrx_word' id='word_1_172' title='bbox 1098 3489 1333 3587; x_wconf 87' lang='lat' dir='ltr'><strong>Principibus</strong></span> 
     </span>
     <span class='ocr_line' id='line_1_25' title="bbox 206 3611 1332 3715; baseline -0.002 -23"><span class='ocrx_word' id='word_1_173' title='bbox 206 3640 264 3692; x_wconf 93' lang='lat' dir='ltr'><strong>me</strong></span> <span class='ocrx_word' id='word_1_174' title='bbox 284 3618 486 3710; x_wconf 85' lang='lat' dir='ltr'><strong>associare,</strong></span> <span class='ocrx_word' id='word_1_175' title='bbox 507 3611 616 3714; x_wconf 84' lang='lat' dir='ltr'><strong>quam</strong></span> <span class='ocrx_word' id='word_1_176' title='bbox 634 3618 764 3693; x_wconf 87' lang='lat' dir='ltr'><strong>foedus</strong></span> <span class='ocrx_word' id='word_1_177' title='bbox 784 3617 981 3693; x_wconf 77' lang='lat' dir='ltr'><strong>Turricum</strong></span> <span class='ocrx_word' id='word_1_178' title='bbox 1002 3617 1259 3715; x_wconf 88' lang='lat' dir='ltr'><strong>prosequendo</strong></span> <span class='ocrx_word' id='word_1_179' title='bbox 1279 3617 1332 3690; x_wconf 90' lang='lat' dir='ltr'><strong>ul·</strong></span> 
     </span>
     <span class='ocr_line' id='line_1_26' title="bbox 209 3741 1333 3841; baseline -0.001 -25"><span class='ocrx_word' id='word_1_180' title='bbox 209 3745 283 3818; x_wconf 94' lang='lat' dir='ltr'><strong>lum</strong></span> <span class='ocrx_word' id='word_1_181' title='bbox 302 3743 599 3841; x_wconf 88' lang='lat' dir='ltr'><strong>impedimentum</strong></span> <span class='ocrx_word' id='word_1_182' title='bbox 628 3744 794 3818; x_wconf 90' lang='lat' dir='ltr'><strong>victoriis</strong></span> <span class='ocrx_word' id='word_1_183' title='bbox 822 3746 977 3820; x_wconf 85' lang='lat' dir='ltr'><strong>fratrum</strong></span> <span class='ocrx_word' id='word_1_184' title='bbox 1005 3749 1214 3818; x_wconf 89' lang='lat' dir='ltr'><strong>nostrorum</strong></span> <span class='ocrx_word' id='word_1_185' title='bbox 1243 3741 1333 3816; x_wconf 94' lang='lat' dir='ltr'><strong>obii·</strong></span> 
     </span>
     <span class='ocr_line' id='line_1_27' title="bbox 210 3867 1332 3964; baseline -0.002 -21"><span class='ocrx_word' id='word_1_186' title='bbox 210 3892 304 3943; x_wconf 90' lang='lat' dir='ltr'><strong>cere.</strong></span> <span class='ocrx_word' id='word_1_187' title='bbox 339 3867 422 3959; x_wconf 80' lang='lat' dir='ltr'><strong>Qua</strong></span> <span class='ocrx_word' id='word_1_188' title='bbox 445 3869 482 3942; x_wconf 91' lang='lat' dir='ltr'><strong>in</strong></span> <span class='ocrx_word' id='word_1_189' title='bbox 503 3892 543 3943; x_wconf 93' lang='lat' dir='ltr'><strong>re</strong></span> <span class='ocrx_word' id='word_1_190' title='bbox 564 3868 668 3944; x_wconf 91' lang='lat' dir='ltr'><strong>scitis</strong></span> <span class='ocrx_word' id='word_1_191' title='bbox 697 3871 803 3962; x_wconf 83' lang='lat' dir='ltr'><strong>bene,</strong></span> <span class='ocrx_word' id='word_1_192' title='bbox 821 3870 913 3944; x_wconf 92' lang='lat' dir='ltr'><strong>nulli</strong></span> <span class='ocrx_word' id='word_1_193' title='bbox 933 3891 990 3948; x_wconf 87' lang='lat' dir='ltr'><strong>me</strong></span> <span class='ocrx_word' id='word_1_194' title='bbox 1009 3867 1140 3956; x_wconf 90' lang='lat' dir='ltr'><strong>labori,</strong></span> <span class='ocrx_word' id='word_1_195' title='bbox 1168 3867 1332 3964; x_wconf 88' lang='lat' dir='ltr'><strong>nullique</strong></span> 
     </span>
     <span class='ocr_line' id='line_1_28' title="bbox 209 3993 1332 4092; baseline -0.003 -24"><span class='ocrx_word' id='word_1_196' title='bbox 209 3995 375 4092; x_wconf 88' lang='lat' dir='ltr'><strong>periculo</strong></span> <span class='ocrx_word' id='word_1_197' title='bbox 403 3994 639 4092; x_wconf 83' lang='lat' dir='ltr'><strong>pepercisse,</strong></span> <span class='ocrx_word' id='word_1_198' title='bbox 667 4003 708 4069; x_wconf 91' lang='lat' dir='ltr'><strong>ut</strong></span> <span class='ocrx_word' id='word_1_199' title='bbox 735 3994 959 4069; x_wconf 85' lang='lat' dir='ltr'><strong>laudabilem</strong></span> <span class='ocrx_word' id='word_1_200' title='bbox 993 4000 1121 4066; x_wconf 89' lang='lat' dir='ltr'><strong>contra</strong></span> <span class='ocrx_word' id='word_1_201' title='bbox 1140 3993 1332 4088; x_wconf 87' lang='lat' dir='ltr'><strong>professos</strong></span> 
     </span>
     <span class='ocr_line' id='line_1_29' title="bbox 210 4119 1332 4217; baseline -0.002 -23"><span class='ocrx_word' id='word_1_202' title='bbox 210 4119 415 4195; x_wconf 81' lang='lat' dir='ltr'><strong>Christiani</strong></span> <span class='ocrx_word' id='word_1_203' title='bbox 434 4120 591 4194; x_wconf 89' lang='lat' dir='ltr'><strong>nominis</strong></span> <span class='ocrx_word' id='word_1_204' title='bbox 610 4120 738 4194; x_wconf 87' lang='lat' dir='ltr'><strong>hostes</strong></span> <span class='ocrx_word' id='word_1_205' title='bbox 757 4135 909 4217; x_wconf 86' lang='lat' dir='ltr'><strong>operam</strong></span> <span class='ocrx_word' id='word_1_206' title='bbox 927 4142 1065 4193; x_wconf 87' lang='lat' dir='ltr'><strong>navare</strong></span> <span class='ocrx_word' id='word_1_207' title='bbox 1075 4139 1235 4217; x_wconf 90' lang='lat' dir='ltr'><strong>possem.</strong></span> <span class='ocrx_word' id='word_1_208' title='bbox 1256 4119 1332 4192; x_wconf 87' lang='lat' dir='ltr'><strong>Me-</strong></span> 
     </span>
     <span class='ocr_line' id='line_1_30' title="bbox 210 4246 1333 4344; baseline 0 -24"><span class='ocrx_word' id='word_1_209' title='bbox 210 4247 367 4321; x_wconf 91' lang='lat' dir='ltr'><strong>ministis</strong></span> <span class='ocrx_word' id='word_1_210' title='bbox 387 4246 493 4338; x_wconf 92' lang='lat' dir='ltr'><strong>enim,</strong></span> <span class='ocrx_word' id='word_1_211' title='bbox 512 4247 657 4344; x_wconf 92' lang='lat' dir='ltr'><strong>quoties</strong></span> <span class='ocrx_word' id='word_1_212' title='bbox 676 4271 753 4336; x_wconf 92' lang='lat' dir='ltr'><strong>me,</strong></span> <span class='ocrx_word' id='word_1_213' title='bbox 782 4248 1012 4341; x_wconf 86' lang='lat' dir='ltr'><strong>salutemque</strong></span> <span class='ocrx_word' id='word_1_214' title='bbox 1032 4269 1149 4318; x_wconf 89' lang='lat' dir='ltr'><strong>meam</strong></span> <span class='ocrx_word' id='word_1_215' title='bbox 1169 4251 1333 4320; x_wconf 83' lang='lat' dir='ltr'><strong>extremo</strong></span> 
     </span>
     <span class='ocr_line' id='line_1_31' title="bbox 210 4369 1333 4471; baseline -0.004 -25"><span class='ocrx_word' id='word_1_216' title='bbox 210 4372 413 4448; x_wconf 91' lang='lat' dir='ltr'><strong>discrimini</strong></span> <span class='ocrx_word' id='word_1_217' title='bbox 440 4393 509 4468; x_wconf 92' lang='lat' dir='ltr'><strong>pro</strong></span> <span class='ocrx_word' id='word_1_218' title='bbox 538 4373 657 4448; x_wconf 90' lang='lat' dir='ltr'><strong>salute</strong></span> <span class='ocrx_word' id='word_1_219' title='bbox 685 4371 830 4471; x_wconf 90' lang='lat' dir='ltr'><strong>patriae</strong></span> <span class='ocrx_word' id='word_1_220' title='bbox 859 4369 1072 4459; x_wconf 89' lang='lat' dir='ltr'><strong>obiecerim,</strong></span> <span class='ocrx_word' id='word_1_221' title='bbox 1101 4376 1137 4443; x_wconf 91' lang='lat' dir='ltr'><strong>et</strong></span> <span class='ocrx_word' id='word_1_222' title='bbox 1165 4369 1333 4466; x_wconf 88' lang='lat' dir='ltr'><strong>quamvis</strong></span> 
     </span>
     <span class='ocr_line' id='line_1_32' title="bbox 208 4495 1330 4597; baseline -0.002 -23"><span class='ocrx_word' id='word_1_223' title='bbox 208 4523 281 4576; x_wconf 92' lang='lat' dir='ltr'><strong>uon</strong></span> <span class='ocrx_word' id='word_1_224' title='bbox 299 4521 440 4597; x_wconf 89' lang='lat' dir='ltr'><strong>paucas</strong></span> <span class='ocrx_word' id='word_1_225' title='bbox 460 4498 558 4574; x_wconf 93' lang='lat' dir='ltr'><strong>domi</strong></span> <span class='ocrx_word' id='word_1_226' title='bbox 577 4499 747 4574; x_wconf 91' lang='lat' dir='ltr'><strong>manendi</strong></span> <span class='ocrx_word' id='word_1_227' title='bbox 766 4520 901 4572; x_wconf 88' lang='lat' dir='ltr'><strong>causas</strong></span> <span class='ocrx_word' id='word_1_228' title='bbox 921 4519 1035 4594; x_wconf 90' lang='lat' dir='ltr'><strong>saepe</strong></span> <span class='ocrx_word' id='word_1_229' title='bbox 1054 4495 1256 4588; x_wconf 91' lang='lat' dir='ltr'><strong>habuerim,</strong></span> <span class='ocrx_word' id='word_1_230' title='bbox 1276 4505 1330 4572; x_wconf 87' lang='lat' dir='ltr'><strong>ta-</strong></span> 
     </span>
     <span class='ocr_line' id='line_1_33' title="bbox 207 4620 1330 4724; baseline -0.004 -24"><span class='ocrx_word' id='word_1_231' title='bbox 207 4649 292 4702; x_wconf 91' lang='lat' dir='ltr'><strong>meu</strong></span> <span class='ocrx_word' id='word_1_232' title='bbox 311 4648 436 4699; x_wconf 87' lang='lat' dir='ltr'><strong>coram</strong></span> <span class='ocrx_word' id='word_1_233' title='bbox 454 4647 708 4724; x_wconf 88' lang='lat' dir='ltr'><strong>praesensque</strong></span> <span class='ocrx_word' id='word_1_234' title='bbox 719 4647 866 4722; x_wconf 91' lang='lat' dir='ltr'><strong>semper</strong></span> <span class='ocrx_word' id='word_1_235' title='bbox 885 4620 1070 4720; x_wconf 86' lang='lat' dir='ltr'><strong>susceptis</strong></span> <span class='ocrx_word' id='word_1_236' title='bbox 1090 4620 1330 4718; x_wconf 83' lang='lat' dir='ltr'><strong>expeditioni·</strong></span> 
     </span>
     <span class='ocr_line' id='line_1_34' title="bbox 208 4747 1333 4848; baseline -0.003 -22"><span class='ocrx_word' id='word_1_237' title='bbox 208 4755 278 4830; x_wconf 91' lang='lat' dir='ltr'><strong>bus</strong></span> <span class='ocrx_word' id='word_1_238' title='bbox 299 4751 492 4843; x_wconf 88' lang='lat' dir='ltr'><strong>interesse,</strong></span> <span class='ocrx_word' id='word_1_239' title='bbox 522 4750 762 4848; x_wconf 82' lang='lat' dir='ltr'><strong>conlatosque</strong></span> <span class='ocrx_word' id='word_1_240' title='bbox 792 4757 997 4824; x_wconf 87' lang='lat' dir='ltr'><strong>vestrarum</strong></span> <span class='ocrx_word' id='word_1_241' title='bbox 1023 4747 1195 4822; x_wconf 85' lang='lat' dir='ltr'><strong>virtutum</strong></span> <span class='ocrx_word' id='word_1_242' title='bbox 1214 4749 1333 4842; x_wconf 85' lang='lat' dir='ltr'><strong>testis,</strong></span> 
     </span>
    </p>
   </div>
   <div class='ocr_carea' id='block_1_3' title="bbox 0 0 1822 5534">
    <p class='ocr_par' dir='ltr' id='par_1_3' title="bbox 0 0 1822 5534">
     <span class='ocr_line' id='line_1_35' title="bbox 0 0 1822 5534; baseline 0 0"><span class='ocrx_word' id='word_1_243' title='bbox 0 0 1822 5534; x_wconf 95' lang='lat' dir='ltr'><strong> </strong></span> 
     </span>
    </p>
   </div>
  </div>
 </body>
</html>
