3625 5534
473 472 523 522 nn
539 473 620 523 nrm.
640 471 724 523 vno.
745 471 828 523 nnc,
847 473 882 522 x.
903 472 937 522 n.
957 468 1007 520 nr.
1245 443 1294 518 41

209 669 301 722 verm
317 669 381 722 suo
399 649 489 741 fato,
509 671 636 724 amens
655 648 854 746 obstupuit,
868 647 1130 745 inopinatoque
1148 665 1299 743 oppres-

209 797 261 849 ms
276 776 385 868 malo,
408 775 472 852 iix
490 783 631 852 tantum
650 776 763 873 spatii
780 773 928 867 babuit,
947 781 988 848 ut
1006 772 1132 870 copias
1162 769 1298 869 oppido

208 899 365 977 educeret
386 900 530 993 Quibus
539 896 783 996 nihilominus,
802 900 898 1012 utin
916 907 1021 976 tanta
1039 898 1217 997 temporis
1236 919 1299 971 an·

208 1025 313 1122 gnatia
336 1028 417 1103 fieri
435 1028 570 1127 potuit,
597 1051 666 1128 per
693 1051 865 1105 aversam
883 1027 1010 1126 oppidi
1037 1027 1226 1124 regionem
1244 1045 1300 1100 se·

208 1175 274 1227 cum
288 1154 420 1252 raptis,
448 1155 502 1231 ita
519 1155 558 1229 in
586 1162 784 1255 conspectu
811 1137 1019 1231 nostrorum
1046 1151 1232 1244 constitit,
1258 1156 1300 1225 ut

208 1276 330 1376 praelio
348 1279 586 1358 dimicaturus
604 1280 749 1357 omnino
768 1280 968 1358 videretur.
986 1280 1126 1357 Verum
1143 1277 1206 1354 vix
1224 1278 1298 1378 pri-

208 1427 273 1480 mos
288 1427 427 1498 eorum,
454 1406 518 1504 qui
534 1407 730 1507 praemissi
749 1415 872 1500 erant,
900 1407 1107 1510 sustinens,
1136 1406 1300 1504 equitatu
1329 1441 1338 1514 ,-

208 1552 306 1628 prope
322 1532 417 1607 omni
434 1533 473 1607 in
490 1532 678 1640 proximos
704 1533 823 1609 saltus
841 1531 1037 1610 arboribus
1056 1531 1192 1606 densos
1209 1531 1301 1607 reci-

208 1657 330 1754 piente,
355 1659 541 1757 peditibus
558 1681 668 1752 vero,
697 1681 849 1758 quorum
867 1660 983 1735 maior
1001 1680 1090 1756 pars
1120 1657 1302 1758 Transyl·

210 1783 281 1858 vani
306 1793 426 1879 erant,
453 1809 616 1885 pugnam
643 1808 724 1861 cum
752 1793 913 1884 cognata
937 1794 1052 1882 gente
1069 1785 1302 1864 detrectanti-

211 1907 276 1999 bm,
294 1909 423 1985 misere
443 1934 467 1985 a
486 1910 565 1986 suis
586 1910 767 2003 desertus,
788 1909 946 1987 Sibrikii
964 1911 1050 1987 fidei
1068 1932 1109 1987 se
1119 1909 1299 2010 permisit.

210 2035 258 2108 lta
272 2043 374 2134 capto
391 2035 517 2129 Petro,
536 2036 723 2134 potiuntur
733 2037 870 2139 oppido
889 2036 1171 2138 quoquenostri,
1182 2035 1300 2112 Aaro-

208 2181 344 2259 nemque
360 2185 440 2238 cum
467 2159 645 2240 Caesaris
670 2164 815 2262 Legata
833 2166 942 2243 Velio
962 2163 1063 2262 Aga,
1082 2163 1202 2262 quiin
1221 2184 1301 2238 cas·

207 2284 262 2360 tris
283 2285 404 2362 Beller
421 2287 528 2384 Begi,
555 2295 724 2364 eventum
750 2290 806 2366 rei
833 2297 1097 2390 expectantes,
1125 2286 1314 2364 substite-·

208 2417 286 2504 rant,
305 2422 506 2506 accersunt,
523 2415 733 2514 traditoque
751 2418 806 2494 eis
824 2415 948 2509 Petro,
969 2415 1076 2493 simul
1095 2422 1133 2491 et
1151 2413 1298 2515 oppido,

209 2534 268 2632 ipsi
282 2559 421 2616 rursum
448 2539 650 2618 incolumes
677 2565 803 2621 omnes
822 2543 966 2620 domum
984 2547 1237 2635 revertuntur,
1265 2548 1303 2617 et

211 2657 457 2762 Claudiopolim
476 2664 525 2739 ad
542 2664 772 2766 Principem,
790 2669 843 2744 ibi
860 2677 946 2744 tunc
963 2669 1060 2746 forte
1078 2689 1301 2745 commoran-

211 2793 286 2880 tem,
310 2812 388 2866 cum
406 2790 527 2889 signis
555 2792 697 2892 aliquot
714 2794 884 2873 hostibus
903 2795 1081 2895 demptis,
1108 2817 1153 2872 ac
1180 2793 1302 2894 opima
1453 2851 1457 2862 .

210 2914 328 3010 praeda
343 2917 639 3017 triumphabundi
667 2943 709 2998 se
733 2923 934 3014 conferunt.
965 2923 1060 3000 Erat
1077 2920 1210 2999 Petrus
1228 2945 1302 2998 non

212 3039 309 3118 miuus
324 3045 549 3142 proceritate
559 3049 738 3147 corporis,
749 3072 859 3148 quam
871 3050 1167 3149 reliquatormae
1186 3048 1302 3147 digni-

212 3171 274 3240 istc
289 3167 463 3269 imprimis
480 3173 719 3272 conspicuus,
747 3183 786 3250 et
801 3175 931 3274 paucis
950 3174 1094 3251 omnino
1113 3173 1320 3250 conferam.

212 3289 275 3382 dus,
291 3295 352 3370 sed
369 3305 502 3390 mente,
519 3298 573 3374 uti
588 3308 742 3377 eventus
760 3302 930 3396 ostendit,
950 3300 1141 3379 stolidiore
1159 3298 1303 3400 praedi-

213 3421 269 3508 tus
283 3429 320 3498 ut
336 3445 443 3521 quem
461 3425 545 3500 sola
562 3426 727 3523 generis,
747 3429 844 3526 quod
863 3427 1149 3520 ementiebatur,
1168 3450 1213 3502 ac
1229 3426 1303 3503 ior·

212 3546 412 3625 msefiducia
422 3549 471 3625 ad
479 3551 713 3629 ambiendum
723 3577 804 3630 eum
816 3554 1070 3654 Principatum
1083 3552 1302 3630 incitaverit.

211 3663 289 3746 Eum
303 3672 423 3772 itaque
442 3677 601 3772 Tuscae,
621 3677 772 3757 Aarone
790 3687 931 3757 summa'
950 3703 1020 3780 opo
1039 3680 1246 3771 adnitente,
1265 3685 1303 3753 et

212 3795 363 3876 aducis
380 3811 442 3879 sat
468 3802 602 3899 grandi
628 3806 785 3905 pecunia
803 3807 842 3882 id
868 3814 1096 3898 emarcente,
1124 3803 1301 3881 truncatis

212 3919 296 4014 unm
311 3927 478 4020 naribus,
505 3952 552 4005 ne
571 3953 731 4029 unquam
750 3933 928 4032 amplius,
947 3932 982 4008 si
999 3932 1097 4008 forte
1116 3929 1300 4022 evaderet,

212 4039 437 4151 Principatum
455 4057 632 4152 ambiret,
661 4059 758 4158 quod
776 4059 888 4137 moris
907 4058 1005 4157 apud
1024 4055 1214 4135 Valaobos
1233 4061 1303 4146 est,

212 4167 427 4258 deformatum
453 4183 580 4260 Beller
597 4185 705 4284 Bago
722 4185 885 4277 mittunt,
914 4205 1027 4284 aquo
1056 4182 1180 4259 statim
1208 4177 1303 4257 Oun-

213 4300 461 4405 ttantinopolim
480 4309 634 4404 missus,
654 4321 692 4390 et
716 4309 893 4390 Caesaris
921 4308 1025 4388 iussu
1041 4309 1080 4386 in
1098 4329 1212 4384 uncos
1230 4307 1303 4382 fer·

212 4443 280 4500 rcus
296 4432 486 4526 coniectus,
504 4437 650 4536 magnis
665 4438 888 4536 cruciatibus
906 4437 1020 4514 vitam
1038 4434 1142 4514 finiit.
1162 4435 1222 4511 Ita
1238 4431 1304 4507 ho·

212 4547 516 4650 stamineorum
534 4562 739 4642 dominatus
758 4586 881 4670 spem,
898 4586 972 4642 non
990 4563 1108 4641 solum
1127 4559 1303 4662 perieulis
