3625 5534
470 495 549 573 264
862 514 912 567 10.
934 515 1034 566 naon
1052 514 1201 568 nnnovu

467 693 533 766 tim
561 713 651 766 vero
684 699 725 764 ut
752 711 873 763 novae
900 689 1116 786 provinciae
1145 689 1344 786 periculum
1370 691 1523 780 faceret,
1561 697 1595 764 et

469 818 567 894 edito
585 816 791 893 industriae
821 815 1022 913 specimine
1050 814 1243 890 honestam
1272 839 1354 890 cum
1383 816 1481 914 apud
1508 837 1595 890 suos

469 952 546 1019 tum
565 943 663 1040 apud
681 941 812 1018 hostes
831 940 979 1016 virtutis
1003 939 1213 1038 opinionem
1233 939 1446 1033 concitaret,
1466 941 1595 1016 statuit

469 1070 642 1145 fortunae
661 1069 779 1144 aleam
801 1067 975 1165 experiri.
1008 1068 1141 1161 Itaque
1161 1065 1312 1142 selectis
1335 1066 1476 1163 aliquot
1495 1067 1593 1163 equi·
1726 1113 1727 1162 ;

468 1201 543 1270 tum
571 1194 781 1291 peditumve
810 1193 1045 1283 cohortibus,
1075 1216 1122 1267 eu
1152 1191 1354 1290 improviso
1382 1187 1595 1267 Osanadum

468 1319 715 1416 progreditur,
746 1319 917 1393 aedificia
936 1318 1112 1415 vicosque
1130 1316 1301 1408 incendit,
1331 1340 1467 1413 magno
1486 1339 1594 1415 peco-
1726 1337 1727 1392 l

470 1444 537 1535 ris,
564 1444 825 1541 pretiosiorum
854 1445 1138 1543 supellectilium
1175 1451 1286 1540 atque
1313 1443 1499 1530 hominum
1536 1467 1596 1518 nu·

472 1589 575 1644 mero
594 1567 745 1666 potitur.
766 1568 872 1660 Quae
892 1572 976 1645 dum
995 1569 1161 1645 securius
1180 1590 1248 1666 pro
1267 1591 1369 1644 more
1387 1576 1596 1643 nostrorum

469 1691 657 1770 hominum
675 1695 723 1768 ab
741 1694 790 1768 iis
809 1704 1007 1791 geruntur:
1027 1717 1112 1769 eece
1127 1692 1453 1768 Tdmbsvariensis
1473 1691 1593 1766 Bassa

469 1841 538 1893 nec
565 1819 802 1917 opinantibus
828 1821 988 1917 ingruit,
1017 1821 1190 1915 editaque
1223 1842 1360 1917 magna
1386 1826 1595 1894 nostrorum

474 1951 614 2040 strage,
632 1945 671 2018 in
688 1945 815 2041 fugam
835 1969 902 2021 eos
921 1947 1043 2021 vertit.
1061 1944 1214 2018 Periere
1231 1945 1270 2018 in
1289 1967 1333 2019 eo
1352 1944 1496 2043 praelio
1516 1966 1593 2019 cum

472 2067 537 2142 alii
573 2068 688 2162 multi,
713 2074 789 2143 tum
827 2070 940 2145 etiam
976 2069 1251 2167 Volphgangus
1288 2066 1400 2144 Petki
1436 2071 1475 2144 in
1511 2070 1593 2147 hos·
1726 2063 1727 2072 '

470 2193 560 2268 tium
577 2199 801 2290 potestatem
825 2196 1007 2292 pervenit,
1033 2196 1091 2270 vir
1118 2201 1156 2270 et
1174 2194 1324 2291 generis
1342 2195 1539 2272 nobilitate
1558 2207 1594 2273 et
1726 2249 1727 2252 a

469 2319 582 2394 rebus
596 2319 634 2393 iu
654 2321 928 2418 expugnatione
947 2321 1316 2420 propugnationeque
1335 2343 1452 2416 nuper
1470 2330 1593 2421 capla-

470 2467 551 2519 rum
571 2444 710 2520 arcium
728 2446 924 2543 praeclare
934 2447 1053 2543 gestis
1072 2445 1231 2520 maxime
1244 2445 1414 2542 insignis.
1434 2447 1475 2520 Is
1494 2454 1593 2545 post·

476 2591 585 2665 quam
603 2576 753 2644 strenue
790 2571 990 2668 pugnando
1028 2570 1152 2644 multis
1182 2571 1347 2668 acceptis
1376 2571 1590 2647 vulneribus
1726 2573 1727 2668 J

468 2694 636 2792 corporis
655 2695 798 2771 viribus
818 2685 1030 2789 defecisset,
1059 2698 1207 2772 tandem
1235 2697 1284 2772 ab
1302 2697 1475 2773 hostibus
1494 2699 1591 2797 capi·
1726 2701 1727 2742 ³

467 2827 538 2911 tur,
558 2826 596 2893 et
613 2840 696 2894 eum
712 2820 837 2896 multis
857 2823 942 2896 aliis
963 2808 1061 2897 viris'
1073 2822 1229 2896 fortibus
1241 2822 1512 2899 Tbmdsvarum
1531 2823 1592 2899 ab·

469 2943 622 3037 ducitur,
648 2943 774 3041 ibique
801 2946 840 3019 in
870 2969 1058 3022 carcerem
1088 2945 1266 3022 conditur.
1303 2948 1392 3043 Ipse
1412 2945 1592 3025 Scelestsi

469 3069 620 3144 amissis
639 3091 786 3145 suorum
806 3072 1068 3170 compluribus,
1096 3078 1293 3168 postquam
1319 3073 1460 3162 frustra
1488 3096 1530 3150 se
1556 3076 1591 3150 iu

468 3193 645 3270 sistendis
682 3195 911 3290 fugientibus
937 3198 1131 3286 laborare,
1164 3202 1367 3293 contraque
1393 3205 1591 3281 torrentem

466 3316 622 3410 brachia
639 3319 792 3394 tendere
811 3321 914 3413 vidit,
934 3342 1046 3396 suasu
1064 3341 1214 3398 suorum
1231 3321 1323 3416 fuga
1341 3321 1414 3396 sibi
1428 3324 1591 3400 salutem

395 3521 399 3526 ⁴
468 3441 670 3538 quaesivit.
689 3443 833 3519 Eadem
850 3446 1000 3522 fortuna
1019 3445 1154 3521 mansit
1172 3446 1330 3520 etiamin
1341 3447 1590 3548 Transalpina

467 3589 543 3646 eos.
571 3569 633 3664 qui
656 3571 876 3646 transmisso
906 3573 1079 3648 Danubio
1100 3572 1231 3648 Bodon
1258 3575 1388 3648 urbem
1414 3575 1590 3652 invadere

466 3693 671 3769 voluerunt.
691 3693 831 3770 Audita
859 3697 955 3772 enim
975 3697 1197 3772 Tiimiisvari
1210 3696 1412 3790 obsidione,
1433 3699 1591 3775 Michael

467 3817 577 3893 ctiam
587 3818 1057 3922 Vajvoda'fransalpinus,
1077 3845 1124 3896 ne
1144 3823 1221 3897 suis
1241 3822 1410 3920 partibus
1430 3826 1591 3901 defuisse

468 3942 665 4036 videretur,
694 3968 766 4021 uon
795 3947 1096 4025 contemnendam
1126 3971 1199 4045 qua
1219 3949 1382 4045 equitum
1402 3974 1475 4047 qua
1495 3951 1590 4051 pedi-

465 4077 542 4142 turn
561 4093 708 4144 manum
726 4074 1013 4168 conscripserat,
1035 4073 1252 4170 delectuque
1271 4073 1399 4149 habito
1415 4076 1453 4148 in
1464 4097 1589 4152 omncs

466 4193 684 4270 occasiones
719 4195 890 4274 hostibus
928 4199 1084 4276 nocendi
1121 4199 1283 4274 intentus
1311 4207 1402 4293 erat,
1439 4223 1589 4298 cumque

463 4343 620 4415 maguus
647 4321 685 4396 in
704 4323 785 4398 dies
804 4333 1091 4422 spontaneorum
1109 4326 1271 4423 peditum
1299 4351 1473 4405 numerus
1494 4353 1586 4406 con-

464 4443 606 4539 flueret,
631 4447 731 4524 mille
750 4457 787 4525 et
806 4452 997 4549 quingenti
1016 4477 1062 4528 en
1080 4455 1127 4529 iis
1146 4453 1339 4530 consilium
1353 4454 1425 4530 sibi
1436 4455 1588 4532 seorsim

465 4579 650 4670 oeperunt,
687 4578 982 4676 transmissoque
1010 4580 1168 4655 navibus
1187 4581 1361 4656 Danubio
1391 4581 1589 4679 opulentis-

468 4696 597 4773 simam
605 4700 734 4776 urbem
743 4701 875 4779 Bodon
884 4705 1109 4782 invaserunt.
1142 4706 1197 4782 Ea
1208 4706 1352 4806 direpta
1362 4729 1408 4784 ao
1418 4707 1580 4790 incensa.
