3625 5534
526 475 575 525 uu
588 472 670 524 anu.
689 472 774 524 ruo.
793 471 877 525 nuo.
899 481 932 530 x.
951 473 985 524 u.
1005 473 1054 525 rr.
1305 450 1355 526 ‘lt

229 650 382 747 quisque
419 647 582 746 equitum
618 646 701 739 alis,
740 667 884 721 omnem
923 646 1014 722 belli
1061 648 1183 722 aleam
1209 647 1357 746 patriae

229 795 338 850 causa
357 774 492 874 cupidi,
511 780 549 849 et
567 773 714 848 alacres
735 772 913 848 subituri.
954 769 1047 848 Cum
1076 772 1150 856 dux
1180 771 1358 847 exercitui

229 908 482 997 quaereretur,
502 907 540 974 et
557 898 597 973 lri
615 899 712 974 inter
740 897 836 974 alios
863 899 977 974 rebus
1007 899 1137 996 gestis,
1168 906 1207 974 et
1232 899 1358 995 gloria

228 1026 405 1121 insignes,
425 1025 583 1116 Zrinius,
602 1033 640 1100 et
659 1024 874 1100 Nudasdius
906 1025 945 1100 in
965 1025 1123 1100 omnium
1143 1026 1270 1102 oculos
1289 1025 1368 1100 in-·

227 1158 430 1244 currerent,
449 1149 666 1226 Hardekius
684 1156 810 1224 umen
828 1151 876 1224 ob
894 1150 1071 1226 honorem
1091 1151 1170 1227 eins
1181 1150 1356 1225 Praefec-

226 1283 344 1366 turae,
364 1298 440 1372 qua
457 1276 693 1373 fungebatur,
713 1276 968 1351 Iaurinenscm
997 1277 1210 1373 generalem
1239 1276 1352 1372 vulgo

226 1400 436 1496 appellant,
492 1424 576 1476 eam
611 1401 915 1498 praerogativam
948 1401 1097 1477 decreto
1127 1399 1349 1477 Archiduois

227 1526 320 1617 tulit,
339 1550 386 1602 ao
404 1526 444 1600 in
460 1524 620 1603 hostium
640 1527 741 1601 illico
760 1526 937 1604 ditionem
956 1527 1073 1603 duxit.
1112 1524 1206 1603 Ourn
1233 1527 1355 1626 impar

227 1653 340 1726 tantis
359 1652 515 1728 ducibus
541 1656 750 1753 Imperator
790 1653 924 1728 luisset
950 1653 1155 1750 impositus,
1193 1652 1247 1728 uti
1276 1674 1356 1727 cor·
1420 1631 1425 1638 ¹

227 1797 327 1873 pore,
346 1777 401 1852 ita
419 1778 540 1853 auimo
562 1778 733 1875 pusillus,
753 1802 808 1869 ac,
828 1777 927 1873 quod
956 1784 1112 1853 eventus
1132 1777 1214 1874 ipse
1234 1785 1356 1854 osten·

229 1898 290 1992 dit,
308 1902 485 2000 perfidus,
504 1927 550 1977 ac
565 1903 743 2000 proditor,
763 1903 802 1977 in
821 1903 920 1979 omni
939 1926 984 1978 ea
1004 1902 1094 1978 belli
1122 1902 1355 1978 administra·

228 2023 337 2118 tione,
354 2027 449 2102 nihil
468 2027 605 2119 ordine,
624 2027 716 2103 nihil
735 2050 804 2128 pro
823 2052 927 2105 more
946 2027 1108 2120 militari,
1145 2035 1268 2102 aetum
1298 2029 1350 2101 le·

229 2162 320 2245 runt,
337 2151 401 2227 rel
419 2153 697 2229 conniventibus
715 2154 773 2246 iis,
793 2155 856 2251 qui
875 2177 916 2229 se
936 2154 1126 2250 digniores
1146 2175 1191 2228 co
1209 2151 1351 2228 honore

229 2285 432 2376 putassent,
452 2275 511 2352 rel
531 2277 585 2351 ita
604 2278 728 2374 potius
756 2277 968 2374 impellente
998 2299 1062 2353 eos
1082 2277 1176 2368 Deo,
1213 2284 1253 2351 nt
1279 2300 1353 2353 non

230 2403 380 2495 viribus,
399 2410 465 2478 aut
484 2402 588 2478 ducis
606 2402 744 2497 virtuti,
765 2403 833 2479 sed
853 2404 926 2478 soli
944 2404 1019 2502 ipsi
1047 2426 1130 2479 earn
1148 2401 1352 2497 victoriam,

231 2550 323 2626 quae
341 2541 429 2603 mox
446 2536 574 2603 secuta
595 2528 685 2621 fuit,
719 2529 849 2604 merito
878 2551 1005 2605 omnes
1033 2529 1133 2604 ferre
1160 2536 1351 2626 acceptam

230 2660 392 2750 possent.
413 2654 587 2729 Instabat
622 2655 696 2729 iam
723 2653 875 2752 hyems,
902 2662 940 2729 et
968 2654 1108 2729 Sinano
1137 2654 1242 2728 abire
1271 2677 1351 2729 cum

232 2781 307 2854 suia
324 2780 581 2874 contendente,
600 2780 665 2855 alii
685 2802 830 2878 quoque
856 2781 980 2856 finium
1019 2778 1207 2856 Praefecti
1252 2780 1349 2854 idem

230 2904 362 2980 facturi
379 2904 614 3000 ridebantur;
632 2928 706 3002 qua
724 2905 922 2980 occasione
933 2901 1228 2980 Christianorum
1239 2904 1351 2980 duces

231 3030 434 3107 audendum
453 3031 527 3105 sibi
545 3031 685 3127 aliquid
712 3032 796 3127 rati,
828 3029 1062 3106 Hardekium
1089 3031 1242 3105 invitum
1271 3031 1350 3104 fere
1383 3126 1387 3133 Ι

231 3153 323 3254 (cunr
341 3159 377 3233 is
396 3159 604 3234 'furcarum
623 3157 795 3234 discessu
813 3159 972 3235 solutum
1002 3180 1044 3233 se
1064 3181 1109 3232 ea
1127 3158 1352 3234 necessitate
1419 3211 1420 3214 r

229 3284 382 3379 gerendi
400 3283 582 3358 adversus
602 3306 667 3359 eos
686 3284 777 3359 belli
796 3277 958 3383 putaret)
989 3307 1033 3359 eo
1062 3283 1292 3380 pertrahunt,
1311 3289 1352 3357 ut

229 3407 388 3484 intanta
405 3408 543 3504 agendi
562 3409 771 3501 occasione,
791 3409 926 3483 Turris
956 3431 997 3484 sc
1027 3407 1074 3483 ad
1098 3407 1277 3485 interiora
1294 3431 1351 3482 re-

234 3534 463 3632 cipientibus,
481 3557 528 3609 ne
547 3542 672 3611 tantus
683 3535 774 3609 belli
792 3542 997 3631 apparatus
1016 3533 1204 3608 incassum
1223 3533 1353 3622 abiret,

231 3659 276 3733 ad
292 3659 417 3735 Albae
434 3661 567 3735 saltem
584 3659 741 3757 Regalis
760 3659 906 3733 moenia
923 3665 1195 3758 procurrerent,
1231 3665 1271 3733 nt
1299 3657 1352 3730 ita

231 3793 292 3860 aut
307 3785 486 3860 elicerent
521 3785 650 3861 hostes
684 3785 733 3859 ad
769 3807 944 3885 pugnam,
982 3791 1046 3860 aut
1067 3783 1199 3859 saltem
1226 3780 1350 3856 Albae

231 3911 407 3987 suburbia
423 3911 672 4003 incenderent,
691 3917 802 4007 atque
814 3909 992 3984 delerent.
1003 3904 1351 3984 AssentienteHar-

230 4033 350 4130 delrio,
373 4059 444 4111 nec
461 4036 560 4111 ultra
580 4035 779 4133 quidquam
807 4041 869 4109 aut
896 4033 942 4108 de
969 4039 1182 4126 commeatu,
1212 4038 1276 4106 aut
1303 4031 1349 4105 de

227 4161 494 4260 impedimentis
512 4161 741 4262 providente,
761 4182 900 4257 magna
919 4158 1112 4235 celeritate
1147 4157 1195 4232 ad
1222 4156 1349 4232 urbem

226 4287 455 4385 perveniunt,
476 4289 580 4364 cuius
598 4286 778 4364 suburbia
796 4287 923 4363 stetim
941 4283 1176 4378 inflammant,
1197 4307 1241 4358 ao
1259 4282 1349 4358 diri·

228 4413 338 4510 piunt,
360 4414 580 4512 'Parcasque
600 4436 738 4506 omues,
776 4413 840 4509 qui
866 4411 919 4486 ibi
947 4410 1128 4488 stationes
1146 4408 1346 4496 habebant,

228 4539 414 4614 nonnullis
433 4540 470 4614 in
488 4539 725 4616 tumultuario
744 4538 888 4636 praelio
910 4535 1142 4624 desideratis,
1170 4534 1269 4610 intra
1287 4554 1350 4629 op

229 4665 348 4764 pidum
367 4667 599 4766 compellunt.
618 4666 704 4743 Hoc
721 4689 844 4743 rerum
863 4687 1039 4741 successu
1068 4663 1239 4760 contenti,
1267 4679 1347 4738 cum
