3625 5534
516 503 593 582 282
917 530 964 583 ro.
984 529 1087 582 nucu
1105 529 1254 583 nnnovu

513 703 699 800 praesidio
718 705 879 781 munivit
908 703 981 781 Sed
1010 705 1155 803 cognito
1183 728 1308 781 errore
1339 702 1489 782 Tartari
1511 713 1629 782 eastra

512 839 669 930 utraque
696 839 770 907 tam
799 833 1004 909 'Parcarum
1033 857 1141 930 quam
1174 830 1408 930 Vngarorum
1438 833 1628 932 diripuere.

513 981 608 1057 quae
638 965 715 1034 toto
743 958 862 1035 triduo
892 981 973 1033 oum
992 957 1184 1034 tormentis
1214 982 1258 1033 ao
1285 958 1453 1034 tentoriis
1482 959 1627 1034 deserta

511 1085 713 1180 iaoueraut,
743 1084 810 1160 sed
840 1094 878 1159 et
896 1081 1040 1160 Caesar
1064 1084 1322 1182 compluribus,
1352 1085 1414 1182 qui
1442 1087 1534 1182 iuga
1561 1085 1626 1159 sibi

513 1211 782 1302 oonsulnerant,
812 1212 991 1311 supplicio
1020 1213 1056 1287 in
1087 1220 1266 1288 terrorem
1293 1213 1447 1288 aliorum
1476 1212 1625 1288 adeatis.

513 1337 668 1413 Tibisoo
697 1338 861 1435 primum,
880 1363 966 1415 mon
985 1339 1157 1417 Danubio
1177 1339 1400 1435 Belgradum
1428 1337 1625 1429 devehitur,

512 1487 558 1539 ao
574 1463 660 1539 inde
678 1444 1037 1564 Constantinopolim
1062 1464 1202 1562 ingenti
1221 1465 1360 1563 praeda
1379 1473 1544 1554 onustus,
1563 1467 1625 1542 sed

509 1590 658 1666 amissis
676 1590 792 1689 equis,
813 1594 965 1669 camelis
986 1593 1192 1690 ueterisque
1211 1592 1407 1682 iumentis,
1437 1593 1536 1668 vioto
1556 1616 1624 1666 ma·

512 1717 571 1815 gis
591 1741 700 1814 quam
729 1719 863 1796 viatori
890 1721 1033 1812 similis,
1064 1720 1216 1820 appulit
1252 1719 1331 1795 sine
1350 1720 1550 1819 tympanis,
1577 1728 1624 1794 tu·

511 1843 580 1937 bis,
599 1843 758 1940 vexillis,
778 1855 842 1923 aut
860 1848 945 1926 aliis
965 1847 1129 1924 laetitiae
1149 1845 1276 1943 signis.

965 2115 1169 2124 .-—--—-—--.

687 2345 860 2427 CAPV'I'
893 2351 1136 2431 DECIMVM
1168 2351 1437 2445 Qvanrvn.

508 2529 568 2604 De
589 2529 795 2606 Tortordse
818 2531 1072 2630 Transalpino
1090 2533 1253 2632 reperiris,
1287 2531 1621 2630 manscript-norom-

507 2680 575 2754 qoe
606 2659 645 2730 in
668 2656 809 2732 Teroua
835 2661 1059 2756 expeditione
1087 2662 1301 2758 internupta,
1331 2659 1444 2734 attero
1474 2659 1618 2736 Chamo-

507 2806 587 2855 rom
616 2811 640 2856 a
649 2781 775 2880 fratre
793 2787 1016 2882 interempto,
1019 2785 1262 2886 felicibusque
1281 2786 1467 2862 Jooizarr'i
1485 2785 1618 2860 dormd'

926 2913 1204 2987 ercerraionibne.

611 3106 857 3209 suscepturus
887 3112 1157 3210 expeditionem
1195 3113 1233 3187 in
1263 3112 1467 3212 Vugariam
1496 3113 1615 3190 Moira-

506 3243 623 3312 metes
642 3236 786 3316 Caesar
804 3236 957 3314 Chamis
977 3239 1219 3316 Tartarorum
1238 3241 1487 3330 mandaverat,
1507 3251 1548 3316 ut
1566 3263 1614 3314 se-

505 3385 586 3437 eum
604 3387 677 3439 una
703 3366 741 3440 iu
760 3366 967 3462 Vngariam
986 3367 1318 3465 protenderentur,
1346 3367 1614 3464 coniunctisque

505 3489 617 3565 ermis
645 3498 683 3568 et
709 3491 841 3568 animis
861 3501 990 3570 eontra
1019 3491 1252 3569 Christianos
1281 3494 1417 3570 bellum
1436 3503 1613 3590 gererent.

502 3615 622 3691 Erant
649 3615 719 3692 dno
738 3618 888 3711 iratres,
916 3617 1158 3695 Tartarorum
1178 3615 1323 3710 Chami,
1352 3641 1502 3716 quorum
1525 3621 1613 3694 alter

502 3741 619 3819 minor
647 3750 735 3819 natu
761 3742 904 3820 nomine
933 3743 1096 3839 Piuoion,
1125 3753 1255 3844 sponte
1284 3767 1325 3819 se
1354 3742 1512 3821 Caesari
1539 3769 1611 3821 oum

503 3869 619 3946 XXX
648 3870 1006 3969 expeditissimorum
1024 3869 1266 3948 Tartarorum
1292 3870 1454 3947 millibus
1473 3872 1612 3946 coninu-

501 3994 567 4088 xit‚
592 4003 630 4072 et
646 4005 833 4075 strenuam
861 3995 1018 4073 Caesari
1046 3995 1204 4073 Tureioo
1231 4019 1382 4096 operam
1408 3997 1447 4071 in
1475 3997 1611 4096 praelio

502 4120 679 4216 Agriensi
697 4124 859 4201 navavit.
888 4125 1011 4200 Tanta
1030 4122 1123 4198 enim
1145 4123 1299 4200 audacia
1321 4146 1398 4199 rem
1417 4122 1470 4198 ibi
1489 4145 1608 4219 gesse·

499 4256 584 4325 runt
603 4250 765 4344 Tartari,
785 4257 824 4327 ut
842 4250 1078 4350 praeeipuam
1098 4249 1274 4325 victoriae
1292 4247 1437 4325 laudem
1457 4251 1608 4326 omnium

500 4399 681 4455 consensu
716 4377 789 4475 ipsi
825 4378 1062 4476 reportarint.
1091 4377 1243 4453 Interim
1282 4371 1444 4452 Chamus
1478 4375 1610 4452 Tarta·

497 4529 621 4583 rorum
639 4506 756 4582 maior
773 4515 872 4595 natu,
888 4505 1104 4599 Karikerei,
1126 4505 1187 4605 qui
1199 4504 1429 4605 superiorum
1439 4527 1609 4580 annorum

498 4631 604 4708 elade
631 4633 782 4709 edootus
801 4633 1030 4710 annotantius
1055 4635 1094 4707 in
1115 4633 1316 4729 Vngariam
1345 4630 1606 4728 progredieba-

496 4769 566 4850 tur,
594 4781 641 4834 ne
668 4782 736 4837 sna
763 4761 973 4837 oessatione
1000 4759 1123 4857 magni
1144 4759 1349 4836 'Pmoarum
1373 4756 1606 4856 Imperatoris
