3625 5534
475 501 525 580 16
866 525 916 578 10.
937 525 1037 576 nnorr
1055 526 1205 578 assoon

467 700 573 800 tigal,
591 710 632 779 ut
649 702 688 776 ni
706 708 848 775 mature
864 722 1080 776 succursum
1090 700 1350 777 laborantibus
1359 701 1505 788 suisset,
1517 727 1605 802 pro·
1728 691 1729 712 ¹

471 829 529 905 cul
550 827 671 917 dubio,
691 825 777 901 dedi
796 847 920 902 arcem
939 826 1130 918 barbaris,
1151 828 1212 902 vel
1233 828 1317 926 capi
1335 851 1493 904 neeesse
1513 829 1609 905 fnis-

423 937 428 948 ’
471 961 548 1046 set,
575 953 615 1027 id
631 952 695 1028 nbi
723 951 841 1027 nostri
869 951 1121 1049 accepissent,
1152 959 1190 1028 et
1208 959 1347 1049 quanto
1377 954 1414 1028 in
1434 957 1610 1054 periculo

470 1078 653 1157 Siseciani
677 1085 935 1170 versarentur,
963 1076 1001 1152 ni
1021 1077 1289 1176 quamprimum
1307 1079 1383 1156 illis
1403 1081 1606 1178 suppetiae

472 1208 677 1297 ferrentur,
704 1203 999 1300 cognovissent:
1034 1203 1229 1280 confestim
1258 1203 1405 1300 Thoma
1433 1205 1609 1281 Erdbdio

471 1332 577 1408 Bano
597 1327 791 1423 Oroatiac,
811 1336 849 1404 et
868 1325 1013 1404 Gemite
1041 1329 1089 1403 ab
1117 1329 1324 1428 Egenbcrg
1348 1329 1550 1425 Generali,
1569 1339 1611 1406 nt

473 1464 608 1533 vocant
635 1455 947 1532 Carolostadiano
976 1453 1149 1548 ducibus,
1178 1457 1318 1532 coactis
1348 1479 1458 1556 quam
1486 1459 1609 1533 celcr-

471 1583 580 1675 rime,
601 1604 669 1657 sex
687 1579 849 1655 millibus
869 1586 1113 1674 armatorum,
1140 1578 1277 1656 Savum
1296 1581 1446 1661 fluvium
1464 1582 1610 1659 traiici-

473 1718 549 1794 unt,
570 1715 607 1783 et
625 1707 781 1803 septimo
802 1706 1007 1782 obsidionis
1028 1705 1097 1798 die,
1117 1704 1321 1783 Sisecianis
1335 1708 1408 1785 iam
1426 1731 1525 1806 pene
1547 1709 1610 1786 de-

474 1833 730 1934 sperantibus,
758 1832 1019 1931 tempestivam
1048 1855 1155 1930 opem
1173 1832 1273 1908 ferre
1292 1835 1530 1910 constituunt.
1562 1835 1610 1911 Id

472 1960 537 2038 ubi
555 1939 868 2036 HauonusBassa
887 1959 935 2032 ab
956 1957 1256 2055 exploratoribus
1271 1960 1424 2060 accepit,
1444 1967 1609 2057 etquam

473 2086 584 2185 pauci
601 2108 763 2174 numero,
783 2084 851 2160 sed
871 2083 1003 2160 animis
1022 2092 1257 2184 praesentes,
1278 2082 1482 2161 Christiani
1502 2087 1610 2162 auxi-

473 2213 602 2290 liatum
630 2210 820 2288 obssessis
848 2211 1037 2304 venirent,
1066 2211 1270 2308 cognovit:
1299 2212 1493 2288 obsidione
1524 2219 1609 2289 tan·

472 2338 591 2437 tisper
610 2339 751 2431 soluta,
780 2337 828 2414 ad
856 2337 1118 2413 adventantem
1146 2344 1356 2414 nostrorum
1387 2339 1609 2430 exercitum,

473 2471 589 2556 ratus,
607 2463 725 2539 feroci
743 2485 810 2537 suo
829 2484 1000 2556 occursu,
1019 2469 1169 2540 nostros
1190 2463 1335 2539 omnino
1355 2463 1527 2540 territum
1548 2465 1609 2550 iri,

475 2612 555 2664 cum
573 2587 870 2664 instructissimis
894 2587 1012 2686 copiis
1032 2589 1237 2680 contendit,
1266 2589 1609 2666 verumenimvero

476 2721 672 2811 antequam
689 2720 807 2789 marte
826 2736 906 2788 cum
928 2711 1097 2789 hostibus
1116 2737 1193 2789 rem
1210 2714 1448 2806 discerneret,
1467 2721 1508 2789 ut
1529 2741 1609 2792 ma·

474 2839 545 2914 iori
563 2863 644 2916 cum
663 2839 815 2932 fiducia,
835 2863 880 2915 ac
900 2840 1071 2915 vincendi
1090 2839 1333 2934 necessitate,
1362 2840 1499 2916 milites
1519 2863 1607 2918 oum

474 2965 615 3041 nostris
634 2963 901 3062 confligerent,
932 2970 1082 3063 pontem
1111 2986 1182 3062 quo
1214 2965 1344 3063 copias
1373 2965 1606 3058 traduxerat,

473 3092 551 3169 sato
571 3091 651 3167 cius
678 3091 733 3166 ita
759 3090 952 3187 flagitante
971 3088 1254 3165 rescindendum
1283 3097 1498 3181 curaverat,
1530 3113 1610 3166 om-

474 3219 656 3314 nibusque
674 3215 944 3314 impedimentis
954 3222 1059 3290 trans
1078 3211 1237 3312 Colapin
1255 3212 1416 3308 fluvium,
1435 3215 1499 3311 qui
1518 3238 1608 3292 nos-

473 3350 535 3419 tra
562 3347 786 3440 tempestate
814 3338 935 3438 Culpa
959 3342 1184 3432 nominatur,
1215 3341 1254 3415 in
1282 3341 1418 3416 castris
1447 3339 1609 3434 relictis,

474 3468 669 3568 expeditos
689 3467 825 3543 milites
844 3489 970 3543 secum
988 3467 1263 3562 transduxerat,
1275 3474 1358 3542 sunt
1372 3473 1496 3543 tamen
1516 3491 1609 3544 non·

338 3621 343 3634 ·
474 3593 585 3687 nulli,
615 3593 678 3690 qui
695 3601 844 3690 pontem
871 3594 920 3668 ab
939 3592 1006 3684 iis,
1036 3592 1097 3689 qui
1120 3592 1313 3668 incastris
1342 3592 1440 3668 ultra
1467 3591 1607 3672 flumen

476 3743 557 3796 eum
576 3718 846 3816 impedimentis
866 3717 1054 3817 praesidio
1073 3716 1194 3793 relicti
1211 3719 1378 3811 fuerant,
1404 3741 1484 3794 oum
1504 3727 1609 3796 metu

474 3843 683 3942 perterriti,
711 3850 861 3919 nostros
880 3844 1040 3920 transitu
1063 3844 1522 3954 prohibereccnarentur,
1551 3845 1608 3922 in-

472 3972 647 4048 tercisum
669 3971 787 4046 fuisse
806 3971 940 4046 dicant.
962 3969 1038 4046 Sed
1055 3992 1124 4046 nos
1152 3971 1223 4046 hac
1241 3995 1281 4047 re
1300 3970 1337 4045 in
1356 3969 1476 4046 medio
1496 3971 1607 4046 relic-

474 4109 533 4193 ta,
564 4098 614 4173 ad
642 4104 791 4174 nostros
809 4083 1059 4188 revertamur,
1084 4098 1146 4196 qui
1166 4097 1336 4195 quamvis
1354 4118 1504 4173 numero
1523 4099 1607 4196 plu-

474 4225 605 4300 rimum
624 4221 794 4301 hostibus
810 4222 1121 4320 imparesessent,
1141 4231 1360 4299 tamencum
1380 4243 1446 4298 eos
1466 4221 1606 4298 adven·

474 4359 556 4428 tore
575 4350 765 4444 viderent,
783 4372 852 4428 nee
870 4348 975 4442 inde,
1004 4350 1077 4426 nisi
1095 4349 1157 4425 vel
1176 4349 1265 4424 victi
1284 4349 1345 4423 vel
1364 4348 1526 4424 victores
1546 4373 1606 4425 re-

409 4543 414 4549 .
474 4477 582 4574 gredi
601 4483 775 4575 possent,
804 4499 933 4552 manus
953 4475 1098 4550 omnino
1118 4497 1314 4552 conserere
1334 4482 1515 4566 statuunt,
1535 4475 1606 4550 ita-

475 4626 546 4699 que
565 4625 709 4678 omnem
736 4603 869 4679 salutis
899 4625 1003 4700 spem
1023 4603 1060 4674 in
1086 4601 1211 4677 divino
1230 4601 1440 4700 praesidio,
1471 4623 1515 4676 ac
1535 4623 1607 4677 sua

472 4729 609 4805 virtute
627 4728 787 4826 positam
812 4729 903 4820 rati,
933 4730 1023 4804 data
1040 4729 1231 4826 pugnandi
1251 4729 1379 4825 copia,
1409 4729 1607 4826 signisque
