3625 5534
640 511 678 574 ds
694 509 837 576 nuuulr.
1285 513 1328 576 Ll

218 715 293 770 sane
321 689 388 768 hoc
415 692 618 769 mirabilius
652 692 763 769 debet
790 693 919 783 videri,
948 693 1046 791 quod
1075 695 1213 771 nullum
1242 695 1321 771 lere

220 819 362 894 studium
380 827 445 896 ant
463 819 601 895 maiore
620 818 657 893 in
669 840 796 895 omnes
814 820 914 895 vitae
932 830 1062 918 partes
1078 843 1122 895 ac
1141 821 1325 896 hominum

106 963 107 966 ‘
218 944 348 1020 ordines
366 943 537 1042 utilitate,
556 950 620 1021 aut
633 945 769 1022 maiore
790 945 1046 1038 delectatione,
1069 954 1131 1022 rrut
1150 969 1218 1045 spe
1238 950 1330 1024 ube-

218 1070 319 1164 riore,
352 1078 416 1147 aut
450 1071 627 1170 praemiis
664 1071 712 1147 ad
749 1072 1031 1170 perdiscendum
1069 1071 1328 1170 amplioribus,

218 1199 427 1298 exemplisve
446 1197 668 1275 clarioribus
689 1220 753 1274 eos
773 1222 1007 1276 commovere
1026 1206 1185 1298 poterat.

307 1325 401 1402 Nam
424 1333 465 1401 ut
489 1325 646 1424 primum
675 1325 902 1402 descientia
929 1325 1020 1402 iuris
1048 1325 1170 1402 civilis
1205 1350 1327 1423 agenn

218 1452 293 1530 cedo
311 1450 406 1540 mihi,
437 1459 594 1550 excepta
622 1450 817 1542 Medicina,
838 1453 1055 1528 facultatem
1073 1452 1198 1544 ullam,
1222 1453 1326 1531 cuius

219 1579 389 1676 professor
418 1577 451 1653 si
480 1600 551 1652 nou
583 1584 735 1672 exacta,
774 1584 812 1652 at
852 1579 984 1654 saltem
1021 1577 1197 1654 mediocri
1230 1578 1322 1656 iuris

218 1704 408 1800 cognitione
427 1726 500 1779 non
519 1702 701 1802 indigeat.

307 1829 555 1908 sacrosancta
574 1829 786 1926 Theologia
806 1829 976 1928 quamvis
996 1830 1044 1906 sit
1063 1830 1198 1922 divina,
1218 1837 1255 1906 et
1275 1831 1324 1905 ad

215 1957 458 2057 perfectionem
477 1956 535 2032 sui
554 1955 709 2032 alterius
729 1954 827 2031 haud
846 1955 993 2050 indiga:
1014 1956 1086 2031 dici
1105 1966 1319 2061 tamennon

214 2090 331 2180 potest,
368 2087 597 2181 quantopere
616 2104 661 2158 ea
680 2081 771 2156 iuris
790 2080 912 2157 studio
948 2081 1163 2158 illustretur.
1206 2082 1319 2159 luris·

215 2207 394 2304 pmdentia
423 2207 518 2284 enim
546 2205 646 2281 ducit
674 2205 854 2301 originem
892 2206 1049 2283 omnium
1077 2209 1236 2285 maxime
1273 2232 1320 2284 ex

213 2333 358 2410 lontibus
377 2333 475 2430 legis
495 2331 687 2422 naturalis,
728 2355 822 2428 qnae
851 2355 923 2406 non
951 2333 1136 2410 homiuum
1160 2333 1323 2430 ingeniis

212 2461 421 2560 excogitata,
432 2461 500 2537 sed
510 2459 800 2537 nobiseumnata
819 2467 888 2550 est,
909 2481 1100 2556 quamnon
1118 2461 1322 2550 didicimus,

105 2675 106 2678 Ἴ
211 2587 266 2662 scd
292 2611 338 2662 ex
366 2594 519 2662 naturae
553 2584 745 2685 principiis
778 2579 985 2674 hausimus,
1023 2585 1208 2685 adquam
1245 2610 1319 2663 uon
1402 2627 1412 2645 ·

105 2783 106 2818 ,
212 2712 295 2788 docti
314 2712 380 2788 sed
398 2711 499 2806 iacti,
528 2733 601 2786 non
619 2711 780 2787 instituti
798 2711 866 2786 sed
894 2710 1022 2786 imbuti
1041 2733 1176 2806 sumus,
1210 2735 1319 2810 quae-

212 2863 271 2936 que
289 2863 357 2916 uon
377 2839 485 2915 modo
513 2838 639 2914 senior
667 2849 735 2930 est,
764 2860 872 2934 quam
902 2845 1009 2914 aetas
1033 2839 1254 2938 populorum
1272 2863 1319 2914 ac

211 2965 383 3042 civitatum
402 2965 571 3056 omnium,
600 2963 667 3038 sed
686 2984 877 3060 aequaeva
901 2962 1002 3038 illins
1021 2965 1162 3038 coelum
1181 2988 1227 3039 ac
1245 2973 1318 3041 ter-

211 3115 264 3167 ras
280 3092 414 3169 tuentis
434 3099 472 3166 et
487 3090 656 3188 regentis
675 3089 759 3185 Dei,
779 3114 802 3165 a
822 3111 893 3187 quo
922 3088 1105 3164 mentibus
1132 3089 1316 3167 homiuum

209 3217 318 3294 infusa
336 3241 382 3293 ae
396 3213 582 3315 insculpta
611 3225 678 3291 est.
700 3215 807 3292 Haec
825 3214 918 3292 nilril
938 3215 1038 3291 aliud
1056 3222 1115 3292 est
1129 3239 1238 3314 quam
1257 3218 1318 3293 lex

211 3344 346 3420 moralis
365 3365 434 3419 seu
452 3343 546 3420 ratio
566 3343 747 3419 naturalis
776 3341 960 3418 hominum
980 3343 1139 3440 ingeniis
1164 3343 1203 3418 in
1222 3345 1320 3420 hunc

209 3473 301 3546 duem
328 3471 444 3547 insita
481 3471 677 3562 divinitus,
714 3479 754 3545 ut
782 3469 979 3546 discrimen
1008 3471 1248 3547 honestorum
1274 3498 1318 3548 ac

210 3597 355 3696 turpium
393 3597 443 3673 ad
470 3596 655 3694 regendos
682 3595 865 3672 hominum
904 3619 1025 3672 mores
1052 3605 1089 3672 et
1116 3597 1164 3673 ad
1199 3598 1319 3698 ipsum

208 3723 323 3804 Deum.
361 3723 399 3797 in
433 3745 541 3820 quem
578 3721 699 3796 omnia
738 3721 932 3819 dirigenda
968 3730 1065 3816 snut,
1102 3721 1317 3799 referendos

209 3849 381 3925 ostendat.
413 3847 493 3924 lam
513 3871 600 3924 vero
630 3848 717 3945 quid
737 3848 837 3923 aliud
856 3857 915 3924 est
933 3856 1010 3925 tota
1027 3872 1216 3925 sacrarum
1238 3848 1318 3924 lite-

207 3999 317 4052 rarum
345 3997 559 4075 compages,
597 3997 706 4072 quam
737 3975 938 4073 explicatio
970 3975 1087 4075 ipsius
1126 3975 1317 4071 Decalogi,

207 4115 349 4204 excepto
367 4110 492 4180 tamen
512 4100 732 4198 Evangelio,
761 4100 859 4199 quod
884 4101 1005 4177 Filius
1023 4101 1096 4177 Dei
1114 4125 1161 4177 ex
1180 4123 1317 4176 arcano

207 4231 368 4306 coelestis
387 4228 514 4304 Patris
543 4228 625 4304 sinn
655 4227 815 4304 delatum
842 4227 1049 4305 hominibus
1078 4227 1317 4304 communica-

208 4359 263 4432 rit.
281 4357 361 4434 Nec
388 4363 522 4446 tamen,
551 4355 634 4430 dum
663 4355 757 4432 haec
776 4354 870 4446 dico,
899 4352 993 4428 duas
1010 4351 1182 4428 diversas
1201 4354 1317 4430 facul·

208 4491 304 4574 tates,
332 4481 495 4560 sublatis
525 4505 650 4558 earnm
688 4479 971 4571 discriminibus,
1004 4478 1176 4556 conlundi
1194 4480 1316 4556 velim.

210 4607 355 4686 [livinae
374 4610 470 4687 enim
481 4607 587 4706 leges
596 4608 786 4707 requirunt
811 4608 991 4682 internam
1011 4607 1114 4682 iuxta
1134 4630 1179 4682 ac
1196 4615 1317 4684 exter-

210 4755 281 4812 nam
298 4736 569 4814 obedientiam:
591 4735 760 4835 politicos
789 4739 980 4809 externam
1008 4732 1185 4810 duntaxat
1204 4734 1317 4808 actio·

1125 4859 1166 4921 pa
