3625 5534
504 480 582 558 240
909 502 1077 554 10.DE011
1099 503 1248 555 nnnovn

501 677 639 753 nostris
659 666 806 751 circiter
839 677 1044 771 quingenli3
1063 677 1341 774 praedaomnis,
1361 704 1467 777 quam
1484 683 1521 755 in
1541 684 1622 758 duu-

500 804 570 878 bus
588 802 787 901 provinciis
815 802 928 899 longo
957 801 1110 877 militine
1131 802 1260 878 labore
1289 827 1358 902 per
1376 807 1436 882 fas
1456 817 1492 882 et
1519 810 1622 883 nefas

474 937 733 1028 ,pepererunt
763 928 912 1002 emissa.
943 928 1052 1003 Multi
1080 929 1116 1002 in
1136 927 1329 1006 Poloniem
1361 933 1506 1008 abducti
1532 944 1622 1024 sunt,

501 1078 546 1128 ac
574 1053 705 1128 deinde
734 1052 990 1129 misericordia
1031 1051 1198 1129 Semosei
1235 1052 1461 1133 Cancellnrii
1487 1059 1624 1133 dimissi

498 1181 612 1254 fuere.
652 1177 807 1252 Factum
835 1185 893 1252 est
921 1178 992 1252 hoc
1019 1179 1118 1254 circe
1145 1179 1255 1256 finem
1284 1182 1513 1258 Decembris.

933 1427 1194 1436 ——---—-——

831 1619 1007 1699 OAPV'P
1036 1623 1290 1700 TERTIVM.

500 1776 558 1848 De
585 1770 701 1846 liter-ii
723 1766 917 1844 Clementis
954 1767 1061 1842 VIII.
1088 1764 1279 1868 Pontrficr's
1299 1769 1457 1844 Ilornaru'
1483 1774 1534 1846 ud
1552 1775 1615 1848 Ile·

919 1917 998 1992 9cm
1016 1892 1204 1968 Polonice.

607 2061 769 2140 Indoluit
778 2057 960 2153 Princeps
979 2055 1105 2132 audite
1123 2057 1194 2132 hac
1213 2079 1361 2134 suorum
1380 2060 1497 2156 clude,
1517 2065 1615 2138 mise-

499 2190 682 2289 rabilique
701 2182 883 2285 supplicio
904 2180 1086 2279 Stephani
1103 2183 1278 2278 Palatini,
1308 2208 1416 2282 quem
1445 2212 1561 2288 nuper
1582 2191 1615 2263 in

499 2341 640 2394 crucem
670 2340 694 2389 a
712 2310 898 2388 Moldavis
927 2334 971 2386 ao
990 2310 1143 2385 Polonis
1168 2320 1288 2388 actum
1307 2314 1425 2391 fuisse
1445 2340 1613 2394 memora·

499 2445 628 2518 vimus.
665 2443 797 2536 Itaque
827 2436 1057 2545 Alphonsum
1078 2435 1271 2514 Cerillium
1300 2439 1509 2539 Hispanum
1536 2468 1612 2519 con-

497 2569 622 2644 festim
649 2557 817 2663 expedit,
846 2584 1001 2659 eumque
1028 2563 1146 2659 primo
1175 2563 1224 2638 ad
1252 2561 1456 2642 Caesarem
1484 2569 1613 2646 Rodol-

497 2693 619 2794 phum,
651 2690 735 2765 inde
763 2688 811 2763 ad
838 2688 1053 2764 Pontificem
1082 2687 1282 2765 Maximum
1312 2691 1382 2765 lrac
1410 2693 1456 2768 de
1485 2695 1610 2771 iniuria
1722 2715 1723 2736 ¹

498 2815 759 2920 expostulandi
777 2814 901 2911 gretie
920 2815 1084 2911 ablegat.
1125 2818 1164 2891 Is
1194 2818 1407 2894 mandatam
1436 2820 1509 2896 sibi
1535 2845 1612 2920 pro·

498 2946 664 3034 vinciam,
693 2951 830 3041 quante
857 2941 977 3039 potuit
1009 2939 1201 3018 celeritate
1230 2920 1428 3040 executus,
1466 2948 1611 3022 Romam

498 3073 754 3175 proficiscitur,
784 3078 971 3168 totumque
989 3069 1176 3164 negotium
1188 3067 1370 3147 Clementi
1392 3072 1501 3151 VIII.
1522 3077 1610 3150 Pon-

496 3201 595 3294 tifici,
632 3197 777 3272 nomine
815 3192 1040 3289 Sigismundi
1068 3192 1253 3292 Principis
1290 3197 1419 3272 ordine
1457 3201 1610 3299 exponit.

496 3325 679 3416 Pontifex,
700 3324 762 3420 qui
781 3321 872 3396 nihil
891 3321 964 3396 sibi
984 3319 1054 3394 hoo
1070 3343 1178 3396 sucro
1197 3320 1236 3395 in
1255 3321 1416 3398 Torcum
1436 3326 1534 3400 bello
1553 3351 1609 3400 un·
1719 3417 1720 3431 ἵ

491 3454 629 3552 tiquius
653 3449 791 3526 habere
819 3450 1072 3542 constituerat,
1100 3457 1256 3547 accepta
1294 3452 1364 3527 hae
1390 3451 1604 3530 Polonorum

493 3579 636 3664 iniuria,
656 3575 978 3651 vehementissime
993 3575 1200 3669 excanduit,
1234 3585 1272 3652 et
1300 3577 1398 3654 datis
1423 3580 1607 3656 confestim
1718 3609 1719 3662 ;

493 3708 541 3785 ad
560 3701 835 3801 sigismundum
854 3701 1001 3776 tertium
1019 3698 1198 3777 Poloniee
1218 3700 1450 3801 Sueciaeque
1470 3705 1604 3803 Regem

493 3831 630 3919 literis,
668 3835 753 3928 post
780 3827 938 3902 sulutem
968 3835 1005 3900 et
1032 3827 1277 3924 apostolicam
1303 3830 1609 3907 benedictionem:
1717 3819 1718 3889 l

495 3980 592 4058 „qno
603 3955 744 4046 maiori,
766 3951 893 4050 inquit,
918 3960 1098 4050 paternae
1109 3953 1314 4029 dilectionis
1325 3956 1460 4032 affeetu
1479 3957 1606 4034 Mnies-

490 4091 603 4158 tntem
632 4091 733 4157 tuum
769 4081 807 4154 in
832 4079 991 4155 Domino
1024 4081 1314 4177 complectimur,
1354 4106 1398 4158 eo
1426 4083 1607 4159 ardentius

493 4215 674 4307 optumus,
693 4228 821 4280 omues
841 4205 1006 4281 actiones
1026 4215 1108 4282 tuas
1137 4229 1278 4281 summa
1298 4209 1449 4305 pietatis
1479 4219 1516 4284 et
1534 4231 1607 4308 pru·

492 4332 639 4438 dentiae
659 4332 769 4407 lande
787 4332 887 4429 apud
905 4332 1024 4406 Deum
1045 4338 1082 4406 et
1109 4331 1274 4408 homines
1295 4334 1499 4409 cumulatas
1520 4355 1607 4410 esse.

492 4461 552 4536 Ex
580 4484 651 4558 quo
680 4459 732 4552 fit,
760 4467 801 4534 ut
827 4467 931 4534 tanto
951 4458 1104 4555 gravius
1125 4483 1169 4534 ec
1188 4459 1442 4536 vehementius
1462 4481 1607 4539 commo·

494 4609 656 4678 reamur,
677 4588 709 4661 si
729 4586 817 4683 quid
837 4585 1017 4662 eiusmodi
1045 4585 1211 4661 erudimus
1239 4586 1284 4660 de
1304 4594 1351 4677 te,
1380 4589 1478 4683 quod
1506 4614 1530 4664 a
1554 4597 1607 4662 tue

496 4711 631 4787 virtute
651 4720 688 4787 et
706 4720 901 4810 perspecto
930 4736 1021 4810 ergo
1054 4712 1270 4788 catholicum
1299 4713 1517 4808 religionem
1535 4713 1607 4788 uelo
