3625 5534
525 509 574 558 nr
592 511 674 560 eun.
696 510 780 562 vro.
800 511 883 563 nnc.
902 513 938 564 x.
958 514 991 563 u.
1012 514 1047 564 x.
1270 492 1346 570 257

217 707 286 759 nec
303 707 377 760 non
386 681 693 778 strigoniensium
712 685 842 782 aequis
863 685 1134 762 conditionibus
1165 686 1262 764 ultro
1282 689 1344 766 de·

217 809 328 884 dituri
345 809 568 882 viderentur.
590 809 760 884 Eundum
778 809 892 905 igitur
908 811 991 884 Deo
1011 812 1106 886 bene
1124 811 1284 910 iuvante,
1304 824 1342 892 et

215 935 286 1012 hoc
305 934 435 1011 eodem
453 932 631 1008 victoriae
649 933 786 1029 impetu
797 935 1070 1010 Tomisvarum
1089 937 1155 1013 vel
1172 937 1346 1016 ultronea

217 1059 411 1151 deditione,
438 1080 549 1156 quam
575 1080 730 1156 sperare
756 1059 895 1145 liceret,
924 1061 985 1135 vel
1013 1061 1051 1134 vi
1083 1066 1345 1162 occupandum.

218 1186 380 1261 Mediam
396 1184 493 1259 inter
511 1183 581 1258 has
600 1183 698 1258 viam
717 1185 954 1260 consiliorum
974 1193 1123 1263 secutus
1148 1197 1207 1265 est
1226 1187 1344 1268 Geor-

219 1312 313 1407 gius,
331 1311 396 1409 qui
414 1332 483 1386 nec
501 1310 794 1406 regrediendum,
813 1334 883 1387 uec
901 1312 1028 1388 statim
1047 1314 1096 1388 ad
1114 1316 1346 1394 obsidionem

220 1436 572 1513 Tomosvariensem
589 1437 900 1534 progrediendum
918 1437 1118 1532 iudicabat,
1140 1442 1209 1516 sed
1219 1441 1346 1520 hostes

218 1563 374 1662 primunr
396 1563 686 1661 persequendos,
706 1585 752 1638 ac
771 1561 954 1637 Tartaros
973 1565 1257 1662 propulsandos,
1286 1591 1345 1645 eo·

221 1688 376 1786 demque
395 1708 505 1763 cursu
534 1665 770 1779 Gennadium,
797 1687 1094 1784 Bechkcrekum,
1123 1698 1160 1767 et
1178 1694 1255 1769 alia
1272 1695 1340 1772 cir-

220 1814 462 1891 cumiacentia
487 1813 639 1888 minoris
667 1813 840 1888 momenti
867 1813 1026 1889 castella
1052 1821 1230 1896 tentanda
1258 1843 1344 1897 esse

219 1941 407 2016 censebat.
435 1939 508 2014 His
526 1939 623 2014 enim
641 1939 745 2037 prius
765 1962 812 2013 cn
831 1938 943 2013 animi
952 1943 1136 2016 sententia
1153 1946 1342 2041 perlectis,

217 2091 298 2144 cum
315 2091 390 2143 non
407 2064 562 2140 haberet
580 2065 710 2140 hostes
729 2065 841 2172 unde,
854 2066 892 2139 in
910 2073 1059 2141 nostros
1088 2067 1262 2166 impeturn
1289 2074 1343 2148 ia-

218 2200 353 2286 cerent,
382 2215 427 2267 ec
454 2199 695 2267 commeatum
726 2192 1002 2289 interciperent,
1038 2191 1244 2271 faciliorem
1261 2197 1342 2274 lore

216 2319 313 2394 arcis
332 2317 658 2393 Timisvariensis
677 2318 997 2416 expugnationem.
1017 2317 1093 2393 Sed
1119 2319 1342 2398 iuvenilibus

218 2444 381 2520 consiliis
401 2445 500 2543 apud
518 2442 727 2541 Principes,
745 2443 799 2519 uti
817 2444 855 2518 in
874 2443 970 2518 aulis
989 2464 1069 2519 mos
1088 2454 1156 2538 est,
1184 2471 1341 2545 praeva-

216 2569 452 2661 lescentibus,
472 2567 561 2644 vicit
569 2567 730 2644 ferocior
749 2568 944 2660 sententia,
963 2576 1004 2642 ut
1022 2569 1194 2647 continuo
1213 2571 1339 2668 iretur,

218 2696 542 2773 ac'l'irmosrarurn
562 2696 805 2789 obsideretur,
825 2718 897 2792 quo
920 2703 1028 2792 capto
1046 2697 1143 2772 ultro
1158 2704 1196 2773 et
1214 2697 1340 2776 hostes

216 2824 305 2920 fuga
322 2823 397 2899 sibi
415 2824 659 2919 consulerent,
679 2828 717 2897 ct
735 2820 1033 2898 circumiacentia
1042 2825 1200 2899 castella
1209 2825 1341 2923 sponte

216 2948 436 3026 deditionem
452 2950 628 3024 lacerent.
647 2949 780 3044 Itaque
799 2948 959 3023 lustrato
980 2949 1155 3044 exercitu,
1176 2972 1221 3025 ac
1240 2973 1338 3028 corn·

216 3067 497 3170 meatu'raptim
526 3079 564 3148 et
591 3073 841 3172 perfunctorie
860 3078 999 3164 curato,
1020 3072 1166 3168 signum
1193 3075 1338 3152 itineris

220 3199 301 3274 dari
326 3199 439 3293 iubet,
467 3206 649 3297 captoque
668 3197 776 3272 XIV.
797 3198 894 3273 Iunii
920 3219 988 3295 per
1015 3196 1238 3274 deditionem
1255 3200 1340 3276 Pel-

215 3322 304 3400 lnlto
322 3325 488 3420 castello,
519 3325 682 3420 eleganti
701 3325 823 3419 magis
851 3345 961 3421 quarn
979 3320 1094 3410 firmo,
1123 3323 1235 3402 biduo
1254 3337 1341 3427 post

216 3473 294 3527 curn
329 3452 420 3528 totis
456 3451 574 3551 copiis
603 3452 874 3526 Tomtsvarum
899 3449 1078 3549 pervenit.
1107 3450 1182 3526 Hic
1205 3453 1338 3551 pileus,

216 3575 363 3674 gladius
391 3585 643 3670 consecratus,
662 3583 700 3651 et
726 3576 915 3675 promissa
933 3575 1089 3673 pecunia
1117 3575 1339 3656 aPontifice

215 3700 380 3805 Principi
398 3711 484 3782 sunt
502 3704 628 3782 missa.

683 3904 873 3914 ——-.-

532 4148 707 4231 GAPV'P
736 4147 1005 4227 OCTAVVM.

215 4319 270 4392 De
310 4317 528 4390 Tornowaro
556 4312 711 4409 feretra
753 4337 778 4383 a
818 4307 1081 4405 Troneylvunie
1117 4317 1336 4406 oppupnato,

365 4439 625 4536 concedamque
642 4441 684 4512 in
706 4432 1014 4531 Tronrylooniom
1032 4432 1164 4506 redito.

316 4601 569 4678 Praemiserat
588 4599 770 4698 Princeps
799 4620 845 4673 ex
872 4594 1039 4672 instituto
1058 4593 1220 4688 militari,
1249 4555 1346 4671 cunr¹

216 4731 307 4807 elios
318 4750 465 4827 quoquc
476 4736 716 4827 spontaneos,
726 4733 802 4800 turn
812 4722 993 4821 imprimis
1003 4721 1169 4796 Marcum
1179 4719 1336 4815 Horvtt,

258 4881 874 4930 uom.uruo.ursu.-scnrruonns.xrn
1190 4865 1230 4932 17
