3625 5534
516 537 566 588 ou
584 537 665 589 aun.
692 536 777 588 vno.
798 535 882 587 nuc.
901 536 939 586 x.
960 536 993 587 u.
1011 537 1046 587 x.
1276 509 1351 586 241

225 710 387 786 alienum
415 735 512 805 esse,
540 720 603 788 aut
629 713 683 786 tui
702 711 858 786 nominis
883 711 1041 806 gloriam
1071 711 1274 788 obscurare
1301 714 1351 788 vi·

224 837 369 912 deatur.
392 838 513 930 Quale
531 863 628 915 nuno
643 841 793 914 allatum
814 837 862 913 ad
880 861 949 913 nos
969 847 1026 912 est
1055 838 1100 912 de
1129 839 1241 914 rebus
1259 840 1352 920 Mol-

222 962 387 1054 davicis,
425 989 521 1063 quae
548 990 622 1042 non
651 966 732 1040 sine
759 987 895 1061 magno
928 965 1067 1039 doloris
1096 987 1210 1040 sensu
1240 967 1287 1040 ad
1315 975 1353 1042 te

221 1090 439 1186 scribimus3
458 1100 569 1190 atque
587 1102 627 1167 ut
636 1092 751 1190 paulo
763 1087 956 1188 superiora
965 1097 1188 1189 repetamus,
1211 1103 1349 1189 quanto

221 1215 346 1291 studio
366 1225 404 1292 et
422 1219 654 1294 contentione
672 1227 792 1293 tecum
804 1217 958 1314 egimus,
978 1223 1018 1291 ut
1035 1225 1349 1315 proptercausam

221 1341 297 1416 Dei
326 1352 364 1418 et
391 1345 505 1420 totius
536 1342 773 1420 Christianae
801 1343 1029 1442 reipublicae
1058 1344 1215 1418 salutem
1244 1351 1281 1418 et
1308 1343 1351 1418 li-

217 1466 404 1542 bertatem
433 1493 456 1543 a
485 1471 692 1545 Turcarum
721 1468 947 1543 immanitate
984 1467 1262 1560 defendendam,
1306 1475 1341 1544 te

215 1593 339 1688 ipsum
358 1615 439 1668 cum
457 1595 533 1670 tilio
552 1603 679 1670 nostro
708 1595 928 1670 charissimo
946 1592 1154 1692 Rudolpho,
1183 1596 1347 1692 Impera-

221 1728 305 1794 tore
338 1721 465 1814 eleoto,
505 1723 713 1820 ceterisque
742 1719 966 1796 Christianis
1005 1720 1233 1819 principibus
1268 1742 1350 1796 oon·

222 1845 555 1942 iungeres,certam
564 1849 1069 1946 insignemqueoccasionem,
1080 1855 1154 1922 tom
1161 1847 1347 1946 praeclari
1492 1903 1496 1910 .

223 1970 270 2046 de
289 1971 384 2061 Deo,
413 1974 458 2048 de
492 1973 564 2049 tide
595 1972 799 2067 Catholica,
829 1982 866 2049 et
894 1975 940 2048 de
969 1974 1113 2050 nomine
1132 1969 1348 2047 Christiano

222 2097 398 2188 merendi,
422 2121 468 2174 nc
497 2099 711 2174 dimitteres.
750 2100 808 2175 Ac
835 2101 924 2174 licet
952 2107 1037 2190 turn,
1078 2099 1125 2174 ob
1153 2098 1348 2174 nonnullas

222 2228 309 2298 tuas
328 2231 365 2298 et
382 2223 506 2322 Regni
525 2227 642 2325 ipsius
660 2226 830 2325 privatas
849 2227 1014 2301 rationes
1033 2224 1348 2326 dissimulandum,

221 2347 364 2446 tibique
391 2353 684 2450 compatiendum
712 2337 798 2428 esse
826 2353 1133 2442 existimaremus,
1163 2351 1198 2426 si
1226 2350 1346 2426 minus

222 2473 262 2548 in
281 2497 364 2550 eam
384 2485 513 2575 aperte
524 2475 820 2554 Christianorum
832 2479 1037 2577 principum
1056 2475 1346 2553 coniunctionem

221 2607 351 2676 contra
367 2603 657 2680 infensissimum
685 2614 723 2681 et
741 2627 963 2680 communem
990 2604 1133 2681 hostem
1152 2627 1249 2679 nunc
1267 2605 1345 2712 qui·

221 2725 303 2801 dem
323 2726 578 2821 descenderes,
607 2755 701 2808 neve
721 2732 868 2808 adeius
888 2731 1081 2806 audaciam
1102 2728 1343 2807 coercendam

220 2853 321 2927 vires
338 2861 424 2930 tuas
444 2856 653 2948 adhiberes,
675 2867 712 2934 et
731 2859 940 2934 adiumenta
957 2855 1081 2956 palam
1092 2857 1346 2932 subministra-

219 2997 300 3071 res3
319 3000 468 3077 semper
487 2987 609 3057 tamen
628 2981 719 3057 illud
737 3005 806 3078 pro
817 2990 919 3056 certo
929 2982 1137 3072 habuimus,
1156 2980 1248 3056 nihil
1269 3001 1343 3054 om·

218 3103 305 3177 nino
322 3104 572 3203 impedimenti
591 3131 614 3182 a
631 3115 669 3182 te
688 3106 840 3183 allatum
859 3107 917 3200 iri,
938 3107 1130 3204 quominus
1151 3114 1189 3181 et
1200 3104 1344 3180 Caesar

219 3231 337 3305 etalii
358 3227 562 3308 Christiani
588 3233 777 3333 principes
805 3257 893 3309 suas
912 3234 1066 3309 iniurias
1093 3234 1189 3308 iuste
1218 3251 1344 3331 prose·

217 3366 427 3454 querentur,
446 3367 484 3433 et
501 3360 626 3456 iugum
645 3360 856 3436 saevissimi
876 3360 1057 3459 Tyranni,
1088 3359 1191 3433 ouius
1223 3356 1340 3433 domi·

219 3482 332 3556 nandi
351 3481 513 3558 aviditas
532 3483 643 3560 nullis
663 3485 798 3561 finibus
818 3485 1036 3574 continetur,
1066 3511 1089 3562 a
1116 3484 1195 3559 suis
1229 3483 1343 3559 cervi-

221 3607 325 3683 cibus
345 3607 585 3705 depellerent.
605 3610 658 3684 Vt
676 3616 797 3684 autem
816 3609 898 3705 ipse
919 3606 1133 3686 Catholioos
1152 3609 1341 3707 principes

220 3741 257 3807 et
274 3730 512 3810 Christianae
538 3735 624 3809 fidei
652 3736 868 3812 defensores
894 3737 933 3809 in
952 3737 1158 3812 Turcarum
1185 3735 1343 3830 gratiam

219 3875 467 3957 oppugnares,
484 3868 595 3958 teque
624 3884 705 3936 cum
731 3861 891 3936 inimicis
916 3861 1035 3938 crucis
1055 3859 1196 3936 Christi
1214 3861 1267 3936 ita
1285 3881 1343 3936 oo-

218 3987 379 4084 pulares.
417 3993 457 4061 ut
482 3995 548 4062 tua
575 4011 646 4086 ope
675 4011 801 4064 eorum
830 3990 934 4064 furor
963 3993 1000 4063 et
1037 3987 1094 4060 vis
1133 3991 1342 4082 augeretur,

220 4113 339 4188 nostri
357 4134 431 4186 non
449 4113 567 4192 solum
586 4113 879 4206 debilitarentur,
897 4113 1148 4212 atqueinipso
1166 4107 1343 4186 victoriae

219 4260 327 4312 cursu
346 4237 635 4331 retardarentur,
664 4241 731 4314 sed
758 4241 795 4314 in
824 4239 1050 4335 gravissima
1069 4238 1238 4336 pericula
1257 4258 1340 4313 oon-

219 4363 436 4440 iicerentur:
457 4361 527 4438 hoc
546 4364 592 4438 de
610 4373 649 4440 te
667 4389 741 4441 non
759 4366 868 4441 modo
896 4386 970 4440 non
989 4363 1243 4461 cogitavimus,
1274 4359 1341 4435 sed

218 4511 264 4563 ne
290 4488 423 4564 leviter
451 4489 597 4588 quidem
622 4489 801 4588 suspicati
828 4513 991 4589 unquam
1019 4511 1169 4566 sumus:
1197 4487 1284 4586 quin
1306 4481 1343 4562 et
1375 4515 1377 4522 ·

219 4636 315 4690 nunc
342 4614 405 4689 vix
435 4614 568 4690 adduci
595 4637 802 4714 possumus,
841 4625 881 4692 ut
898 4639 945 4692 ea
980 4640 1004 4691 a
1032 4621 1070 4688 te
1098 4622 1184 4689 acta
1212 4612 1339 4688 creda·

220 4763 309 4834 mus,
329 4763 426 4838 quae
444 4749 617 4838 tanquam
630 4765 720 4816 vera
730 4749 767 4816 et
776 4740 984 4816 indubitata
992 4741 1210 4816 referuntur.
1231 4739 1345 4813 Aiunt

262 4897 379 4946 uorvrc
388 4897 792 4942 succursu-sesumam
808 4898 871 4942 nvn
1030 4927 1033 4934 ,
1196 4878 1237 4945 16
