3625 5534
640 479 834 532 ranuuaou.
1155 461 1304 528 LXXIX

206 731 268 818 (bp.
281 733 335 798 Ix.
351 732 402 798 De
418 730 557 798 infelicis
581 729 712 795 Ioannis
728 728 874 796 Saelestii
895 728 1080 796 Csauadum
1096 751 1209 795 versus

289 839 499 928 expeditione,
517 847 549 902 et
562 835 723 923 peditibus
739 837 773 902 in
789 835 1004 924 Transalpina
1019 838 1121 902 caesis
1151 885 1161 903 .
1197 886 1205 906 .
1234 836 1301 902 263

198 949 264 1034 Gap.
279 949 319 1012 X.
335 949 385 1012 Dc
402 945 607 1033 expeditione
633 944 823 1012 Mahometis
847 945 906 1010 ΙΙΙ.
923 944 1075 1012 Caesaris
1091 945 1210 1012 'fureo

287 1077 355 1120 rum
370 1055 405 1120 in
421 1054 607 1140 vagarum,
622 1052 836 1138 Hatvanoque
850 1053 985 1117 incenso
1060 1103 1067 1118 .
1105 1101 1114 1119 .
1149 1100 1158 1118 .
1195 1102 1203 1121 .
1233 1051 1300 1118 266

200 1163 266 1248 Cup.
279 1161 335 1226 Xl.
351 1162 403 1227 De
421 1160 523 1246 Agris
538 1183 558 1226 a
573 1161 687 1225 Turois
703 1158 843 1243 obsessa,
858 1169 955 1248 atque
970 1159 1067 1225 etiam
1086 1181 1207 1246 oppug-

286 1277 359 1334 nata
392 1314 1202 1336 ...................
1232 1265 1297 1331 267

205 1375 265 1463 Cap.
278 1375 350 1442 XII.
365 1376 418 1441 De
434 1375 640 1463 expeditione
666 1373 865 1460 sigismundi
879 1374 1039 1461 Principis
1055 1373 1207 1462 Transyl·

288 1486 398 1550 veniae
406 1483 456 1548 ad
472 1505 567 1569 opem
581 1479 793 1567 Agricusibus
809 1479 975 1546 ferendam
1014 1529 1202 1551 .....
1230 1482 1294 1547 271

205 1587 266 1676 Cap.
280 1590 365 1656 XIII.
390 1591 442 1655 De
457 1587 578 1677 praelio
604 1588 858 1654 Christianorum
884 1609 957 1653 oum
974 1587 1114 1654 Caesare
1128 1588 1208 1654 Tur-

287 1720 401 1779 camm,
427 1707 459 1762 ct
474 1707 680 1782 utrarumque
704 1696 843 1782 partium
859 1695 937 1781 Iuga
953 1704 1050 1783 atquc
1066 1693 1157 1760 clade
1186 1744 1195 1762 .
1225 1695 1295 1764 278

203 1803 265 1890 Cap.
279 1805 361 1871 XIV.
378 1806 430 1871 De
446 1805 590 1870 Tartaris
605 1827 624 1869 c
639 1802 852 1890 Transalpina
860 1802 1006 1889 repulsis,
1023 1801 1206 1889 Transalpi·

289 1933 459 1997 notumque
468 1912 502 1976 in
512 1911 635 1976 Torone
652 1910 856 1997 expeditione
871 1911 1090 1995 interrumpta,
1105 1907 1206 1974 altero

287 2017 475 2086 Chamon-um
490 2043 511 2085 a
526 2017 622 2084 fratre
638 2019 838 2105 interempto,
854 2016 1066 2104 felicibusque
1081 2017 1204 2082 Ianira·

286 2129 321 2192 rii
334 2127 451 2194 horarii
466 2124 712 2192 excursionibus
744 2170 1196 2194 ...........
1226 2126 1291 2191 282

527 2411 674 2480 DEOAS
689 2411 935 2478 VNDECIMA.

599 2537 709 2589 urssn
722 2536 864 2588 paruus.

199 2637 260 2727 Cep.
272 2642 297 2710 1.
311 2643 358 2710 De
373 2645 521 2713 Comitiis
532 2644 736 2728 Albensibus,
753 2654 785 2708 et
798 2643 888 2710 abitu
897 2643 1055 2732 Principis
1066 2644 1108 2711 ad
1123 2645 1203 2712 Osc-

284 2771 381 2818 sarem
400 2751 639 2833 Germanicum,
655 2772 694 2815 ac
710 2749 815 2814 reditu
833 2749 978 2816 eiusdem
1008 2801 1197 2820 .....
1226 2753 1292 2818 286

198 2849 262 2938 Cap.
276 2854 314 2924 11.
330 2857 378 2924 De
393 2857 495 2923 literis
511 2858 638 2924 Haaoni
657 2857 779 2923 Bassos
794 2855 836 2922 ad
851 2857 1035 2945 Principem
1051 2858 1203 2945 Transyl-

282 2966 391 3030 veniae
424 3013 1195 3034 ..................
1225 2964 1290 3031 287

198 3060 259 3152 Vop·
273 3067 324 3136 ΠΙ.
339 3070 387 3136 De
404 3071 544 3136 Martino
558 3071 700 3137 Literato
716 3070 758 3136 ad
774 3069 947 3137 Caesarem
962 3073 1150 3155 Tuscorum,
1169 3080 1202 3136 et

283 3173 442 3262 Alphonso
457 3176 577 3243 Iesuita
587 3177 629 3243 ad
639 3176 843 3266 Rudolphum
857 3179 1089 3266 Imperatorem
1105 3180 1202 3243 misso
1225 3178 1291 3243 290

199 3277 262 3366 Cap.
275 3280 325 3351 IV.
342 3285 391 3350 De
407 3285 530 3350 Ioanne
545 3284 700 3352 Saelestio
716 3296 819 3375 capto,
843 3285 1036 3374 Aaronoquc
1053 3287 1201 3374 Vajs’oda

282 3389 458 3458 Moldaviae
477 3401 601 3459 mortuo
655 3442 1194 3464 .............
1224 3393 1290 3461 292

197 3489 258 3580 Gap.
273 3493 307 3564 V.
324 3497 371 3562 Dc
397 3497 542 3585 Oaspsre
557 3498 678 3565 Kornis
703 3499 862 3565 Viennam
878 3501 985 3583 misso,
1000 3501 1146 3588 Totaque
1161 3523 1201 3568 ac

280 3601 362 3689 Papa
383 3606 418 3668 in
445 3602 662 3669 Christianam
678 3603 832 3671 ditionem
848 3604 996 3689 redactis,
1020 3615 1053 3672 ct
1068 3605 1199 3673 Isurino

281 3707 390 3776 fmstra
410 3721 596 3798 oppugnuto
648 3761 1193 3782 .............
1222 3715 1288 3778 294

195 3807 255 3898 Cup.
271 3813 321 3885 Vl.
337 3819 385 3883 De
401 3818 602 3884 Tomosvaro
627 3819 745 3884 frustm
760 3841 818 3908 per
833 3819 1033 3906 Stephanum
1048 3819 1197 3886 Josikam

280 3932 457 4010 oppugnoto
489 3973 1123 3995 ...............
1181 3977 1190 3994 .
1220 3928 1285 3993 296

194 4019 256 4112 Cup.
271 4029 337 4098 VII.
351 4031 402 4097 De
419 4032 566 4099 Comitiis
590 4031 796 4116 Albensibus‚
820 4056 859 4100 ac
879 4033 1014 4099 consilio
1031 4035 1196 4119 resignan-

277 4137 332 4203 dae
346 4135 602 4226 Transylvaniao
619 4161 677 4226 per
690 4131 837 4206 fraudem
853 4139 983 4208 Josicae
997 4139 1159 4205 retardato
1219 4140 1283 4207 297

194 4235 256 4324 Cep.
270 4241 351 4309 VIII.
377 4244 430 4310 Dc
456 4242 602 4311 Oomitiis
628 4247 790 4312 renovatis
814 4245 957 4312 adventu
989 4246 1194 4331 Legatum,

276 4359 426 4439 captoque
441 4351 462 4416 J
464 4351 558 4417 osika
574 4351 777 4420 Canecllario
822 4402 1188 4423 .........
1217 4358 1283 4422 298

192 4445 253 4537 Cap.
267 4453 319 4526 IX
335 4456 385 4524 De
394 4459 574 4526 iuramento
588 4458 747 4526 Ordinum
762 4483 801 4526 ac
810 4461 1005 4546 Legatorum
1018 4459 1191 4527 Caesareo·

275 4585 349 4642 mm,
363 4565 528 4654 literisque
542 4566 705 4655 Rudolphi
720 4567 925 4656 Imperatoris
955 4618 1186 4638 ......
1215 4571 1282 4640 300

193 4657 252 4750 Cap.
266 4665 304 4736 X.
320 4669 367 4736 De
382 4671 593 4739 valedictoria
608 4673 766 4763 Principis
782 4675 824 4742 ad
841 4675 981 4743 Ordines
997 4679 1140 4744 oratione
1176 4728 1186 4750 .
1215 4679 1282 4750 302
