3625 5534
525 539 573 588 on
592 537 673 590 aas.
692 533 775 586 vrvc.
797 533 879 585 nse.
900 535 935 587 x.
955 537 989 588 r..
1010 536 1084 589 viu.
1302 515 1379 592 173

239 707 358 783 fuere
388 705 600 812 Stephanus
630 710 839 802 Bathorius,
869 710 1092 786 Franciscus
1121 713 1240 806 Dobd,
1261 711 1376 810 Sigis-

239 835 411 914 mundus
438 837 663 932 Rakocnius,
684 837 805 915 etalii
834 839 1052 936 complures,
1082 840 1155 936 qui,
1184 841 1319 936 partim
1336 850 1377 915 ut

241 961 478 1061 Imperatori
506 965 658 1063 eiusque
685 963 793 1039 fratri
822 961 1094 1056 Maximiliano,
1123 965 1257 1063 partim
1285 988 1374 1041 vcro

240 1086 493 1185 Sigismundo
514 1089 677 1190 Principi
696 1113 795 1166 nova
814 1110 1009 1186 regnorum
1028 1089 1287 1190 titulorumque
1316 1114 1374 1167 oc-

239 1215 405 1294 casione
434 1226 541 1294 aucto
560 1217 868 1316 gratificarentur,
903 1215 995 1291 nihil
1032 1241 1104 1293 non
1141 1219 1375 1317 praestitere,

238 1323 1372 1440 quosnamliberalitatemetcongratulationemdeclararent.

241 1466 374 1546 Porro
395 1494 478 1545 cum
497 1494 620 1548 rnrnor
639 1469 684 1545 de
703 1469 849 1545 Bassae
887 1469 1070 1545 Budensis
1096 1478 1374 1568 ceterorumque

238 1593 504 1671 Barbarorum
533 1595 813 1672 excursionibus
841 1619 886 1669 ac
914 1595 1058 1671 insidiis
1088 1597 1374 1695 percrebuisset,

238 1743 411 1821 coepere
430 1723 659 1800 cunctantius
677 1722 748 1797 iter
766 1721 902 1812 facere,
914 1722 997 1797 etin
1007 1723 1197 1822 plerisque
1217 1723 1370 1799 civitati-

236 1847 318 1922 bus
338 1849 556 1925 subsistere.
577 1849 667 1924 Mox
677 1847 816 1923 coactis
835 1847 933 1923 haud
952 1849 1227 1925 contemnendis
1244 1851 1370 1949 copiis,

236 1972 350 2049 nullo
390 1998 549 2074 unquam
586 1975 645 2050 dio
685 1975 754 2049 iter
792 1974 955 2067 inibant,
992 1975 1064 2049 nisi
1101 1975 1284 2074 superiori
1312 1975 1370 2050 die

235 2100 373 2176 missis
410 2101 709 2205 exploratoribus
746 2123 787 2176 se
812 2108 890 2177 tuto
920 2101 1095 2199 progredi
1123 2125 1235 2199 posse
1263 2102 1369 2176 intel-

235 2227 441 2304 lexissent.
462 2228 523 2304 Ad
536 2228 630 2305 haec
647 2227 827 2304 instructa
846 2227 956 2303 etiam
984 2229 1131 2324 agmina
1159 2229 1369 2328 praemitte-

234 2354 358 2442 bant,
379 2372 450 2452 quo
489 2355 694 2431 Turcarum
730 2353 895 2452 pericula
933 2354 1172 2431 declinarent.
1212 2354 1369 2430 Miserat

234 2479 427 2580 Princeps
445 2481 592 2558 obviam
621 2479 905 2557 adventantibus
935 2479 1160 2579 Stephanum
1188 2481 1367 2556 Boczlrai-

234 2631 316 2693 um,
336 2607 400 2706 qui
419 2605 602 2707 Sponsam
630 2608 838 2685 deduceret.
868 2609 906 2682 Is
936 2608 1020 2683 dum
1049 2609 1234 2705 ingentem
1260 2608 1365 2684 Priu-

233 2757 335 2834 ceps
355 2735 502 2811 molitur
520 2742 749 2834 apparatum,
769 2733 893 2810 missis
912 2735 997 2810 aliis
1015 2755 1127 2834 snper
1154 2736 1249 2812 alios
1278 2760 1365 2811 nun-

232 2861 313 2935 ciis
343 2882 425 2936 enm
455 2860 603 2952 edocet,
631 2861 736 2958 ipsos
764 2881 845 2934 oum
872 2858 1102 2936 faustissime
1121 2858 1268 2960 Sponsa
1292 2862 1365 2938 iam

232 2985 431 3065 Cassovia
468 2986 639 3077 movisse,
664 2985 963 3062 honestissimum
990 2983 1260 3064 Germanorum
1290 2989 1364 3064 Vn·

234 3137 493 3214 garornmque
511 3113 710 3189 Procerum
730 3111 931 3211 equitatum
951 3135 1031 3187 cum
1049 3135 1095 3187 ea
1114 3114 1257 3206 venire,
1284 3114 1363 3188 illo·

232 3267 323 3318 rum
351 3240 554 3341 principem
575 3247 612 3316 et
630 3238 873 3315 moderatoris
899 3238 983 3314 loco
1011 3237 1180 3336 Sponsae
1197 3240 1362 3339 praelec-

231 3377 317 3446 tum
347 3367 638 3447 Maximilianum
658 3363 913 3460 Archiducem,
933 3365 995 3462 qui
1014 3363 1226 3443 carolinum
1245 3390 1362 3467 usque

232 3519 325 3572 curn
345 3489 494 3593 Sponsa
512 3499 689 3568 venturus
708 3497 819 3568 esset.
844 3489 1051 3588 Satagebat
1070 3500 1156 3568 tunc
1181 3492 1360 3593 Princeps

233 3622 275 3697 in
308 3618 458 3694 bellicis
486 3616 740 3718 apparatibus,
770 3624 808 3693 et
825 3617 997 3714 quoniam
1025 3617 1121 3694 varii
1148 3618 1193 3694 de
1219 3619 1359 3715 ingenti

229 3750 489 3824 Tartarorum
518 3747 796 3840 'Parcarumque
823 3743 1098 3819 adventantium
1130 3745 1359 3821 multitudine
1400 3731 1407 3746 ’

229 3896 407 3952 rumores
435 3871 630 3948 hincinde
659 3871 943 3970 spargebantur,
971 3871 1096 3946 varias
1133 3873 1214 3969 ipse
1247 3871 1357 3947 etiam

227 4002 405 4080 rationes
423 3997 688 4096 investigabat,
708 3997 841 4095 quibus
860 4020 903 4074 se
922 4019 1099 4095 suamque
1123 3998 1355 4074 Provinciam

227 4128 420 4205 adversus
430 4123 585 4201 hostiles
595 4132 749 4200 conatus
766 4131 941 4200 tueretur.
965 4121 1040 4199 Sed
1067 4124 1274 4223 nuptiarum
1293 4148 1355 4199 ex·

226 4250 401 4354 pectatic
430 4272 502 4324 non
529 4272 658 4347 parum
678 4250 726 4325 ab
745 4249 883 4326 intento
903 4249 992 4324 belli
1019 4251 1141 4327 studio
1170 4251 1354 4349 Principis

226 4379 396 4460 animum
416 4383 614 4452 averterat.
633 4377 905 4452 Delerbuerant
924 4375 1018 4451 enim
1037 4377 1160 4452 bellici
1188 4385 1354 4472 conatus,

225 4517 267 4584 et
288 4504 404 4579 nimio
424 4503 583 4579 ambitae
602 4501 727 4578 uxoris
747 4501 931 4577 desiderio
951 4503 1228 4597 generosissimi
1241 4503 1352 4603 impe-

224 4643 291 4710 tus
312 4652 387 4706 non
406 4651 533 4727 parum
552 4637 798 4727 retcpuerant.
820 4628 1047 4704 Incendebat
1065 4630 1192 4706 viriles
1210 4631 1352 4708 animos

225 4762 314 4836 eius
333 4758 509 4854 frequens
531 4759 671 4833 Mariae
683 4757 936 4833 Christiernae
954 4759 1074 4843 fama,
1094 4783 1201 4856 quarn
1221 4761 1351 4835 horres
