<?xml version="1.0" encoding="UTF-8"?>
<!DOCTYPE html PUBLIC "-//W3C//DTD XHTML 1.0 Transitional//EN"
    "http://www.w3.org/TR/xhtml1/DTD/xhtml1-transitional.dtd">
<html xmlns="http://www.w3.org/1999/xhtml" xml:lang="en" lang="en">
 <head>
  <title>
</title>
<meta http-equiv="Content-Type" content="text/html;charset=utf-8" />
  <meta name='ocr-system' content='tesseract 3.04.00' />
  <meta name='ocr-capabilities' content='ocr_page ocr_carea ocr_par ocr_line ocrx_word'/>
</head>
<body>
  <div class='ocr_page' id='page_1' title='image "./magyarhistorija00decsgoog_0176.png"; bbox 0 0 3625 5534; ppageno 0'>
   <div class='ocr_carea' id='block_1_1' title="bbox 845 359 1200 420">
    <p class='ocr_par' dir='ltr' id='par_1_1' title="bbox 845 359 1200 420">
     <span class='ocr_line' id='line_1_1' title="bbox 845 359 1200 420; baseline -0.02 -4"><span class='ocrx_word' id='word_1_1' title='bbox 845 367 894 418; x_wconf 88' lang='lat'><strong>10.</strong></span> <span class='ocrx_word' id='word_1_2' title='bbox 915 363 1017 420; x_wconf 78' lang='lat' dir='ltr'><strong>nucu</strong></span> <span class='ocrx_word' id='word_1_3' title='bbox 1050 359 1200 410; x_wconf 74' lang='lat' dir='ltr'><strong>nnuovn</strong></span> 
     </span>
    </p>
   </div>
   <div class='ocr_carea' id='block_1_2' title="bbox 513 1025 1333 1174">
    <p class='ocr_par' dir='ltr' id='par_1_2' title="bbox 513 1025 1333 1174">
     <span class='ocr_line' id='line_1_2' title="bbox 513 1025 1333 1174; baseline -0.005 -25"><span class='ocrx_word' id='word_1_4' title='bbox 513 1025 518 1036; x_wconf 86' lang='grc'><em>’</em></span> <span class='ocrx_word' id='word_1_5' title='bbox 632 1161 640 1174; x_wconf 13' lang='lat' dir='ltr'>x</span> <span class='ocrx_word' id='word_1_6' title='bbox 712 1050 951 1150; x_wconf 80' lang='lat' dir='ltr'><strong>uranu</strong></span> <span class='ocrx_word' id='word_1_7' title='bbox 988 1049 1333 1152; x_wconf 80' lang='lat' dir='ltr'><strong>ovrurva</strong></span> 
     </span>
    </p>
   </div>
   <div class='ocr_carea' id='block_1_3' title="bbox 809 1299 1234 1379">
    <p class='ocr_par' dir='ltr' id='par_1_3' title="bbox 809 1299 1234 1379">
     <span class='ocr_line' id='line_1_3' title="bbox 809 1299 1234 1379; baseline -0.012 0"><span class='ocrx_word' id='word_1_8' title='bbox 809 1301 987 1379; x_wconf 80' lang='lat' dir='ltr'><strong>oAPvr</strong></span> <span class='ocrx_word' id='word_1_9' title='bbox 1014 1299 1234 1377; x_wconf 88' lang='lat' dir='ltr'><strong>PRIMVM.</strong></span> 
     </span>
    </p>
   </div>
   <div class='ocr_carea' id='block_1_4' title="bbox 520 1455 1519 1604">
    <p class='ocr_par' dir='ltr' id='par_1_4' title="bbox 520 1455 1519 1604">
     <span class='ocr_line' id='line_1_4' title="bbox 520 1455 1519 1604; baseline -0.009 -42"><span class='ocrx_word' id='word_1_10' title='bbox 520 1489 579 1562; x_wconf 85' lang='lat' dir='ltr'><strong>De</strong></span> <span class='ocrx_word' id='word_1_11' title='bbox 597 1498 704 1582; x_wconf 82' lang='lat' dir='ltr'><strong>copto</strong></span> <span class='ocrx_word' id='word_1_12' title='bbox 732 1485 870 1578; x_wconf 67' lang='lat' dir='ltr'><strong>niceto,</strong></span> <span class='ocrx_word' id='word_1_13' title='bbox 891 1499 923 1559; x_wconf 85' lang='lat' dir='ltr'><strong>et</strong></span> <span class='ocrx_word' id='word_1_14' title='bbox 942 1485 1026 1559; x_wconf 83' lang='lat' dir='ltr'><strong>aliis</strong></span> <span class='ocrx_word' id='word_1_15' title='bbox 1045 1455 1213 1604; x_wconf 60' lang='lat' dir='ltr'><strong>arcique,</strong></span> <span class='ocrx_word' id='word_1_16' title='bbox 1242 1513 1266 1557; x_wconf 84' lang='lat' dir='ltr'><strong>c</strong></span> <span class='ocrx_word' id='word_1_17' title='bbox 1285 1483 1519 1559; x_wconf 75' lang='lat' dir='ltr'><strong>Christianis.</strong></span> 
     </span>
    </p>
   </div>
   <div class='ocr_carea' id='block_1_5' title="bbox 566 1645 1714 1759">
    <p class='ocr_par' dir='ltr' id='par_1_5' title="bbox 566 1645 1714 1759">
     <span class='ocr_line' id='line_1_5' title="bbox 566 1645 1714 1759; baseline -0.009 -20"><span class='ocrx_word' id='word_1_18' title='bbox 566 1665 647 1739; x_wconf 86' lang='lat' dir='ltr'><strong>Iam</strong></span> <span class='ocrx_word' id='word_1_19' title='bbox 665 1687 756 1738; x_wconf 87' lang='lat' dir='ltr'><strong>vero</strong></span> <span class='ocrx_word' id='word_1_20' title='bbox 775 1663 922 1759; x_wconf 83' lang='lat' dir='ltr'><strong>Vngari</strong></span> <span class='ocrx_word' id='word_1_21' title='bbox 942 1687 1023 1739; x_wconf 90' lang='lat' dir='ltr'><strong>cum</strong></span> <span class='ocrx_word' id='word_1_22' title='bbox 1044 1663 1303 1739; x_wconf 83' lang='lat' dir='ltr'><strong>Tiffenbachio</strong></span> <span class='ocrx_word' id='word_1_23' title='bbox 1322 1665 1435 1738; x_wconf 88' lang='lat' dir='ltr'><strong>rebus</strong></span> <span class='ocrx_word' id='word_1_24' title='bbox 1454 1683 1585 1759; x_wconf 79' lang='lat' dir='ltr'><strong>geren·</strong></span> <span class='ocrx_word' id='word_1_25' title='bbox 1713 1645 1714 1702; x_wconf 59' lang='lat' dir='ltr'><strong>i</strong></span> 
     </span>
    </p>
   </div>
   <div class='ocr_carea' id='block_1_6' title="bbox 460 1788 1677 4656">
    <p class='ocr_par' dir='ltr' id='par_1_6' title="bbox 460 1788 1677 4656">
     <span class='ocr_line' id='line_1_6' title="bbox 460 1788 1586 1888; baseline -0.004 -23"><span class='ocrx_word' id='word_1_26' title='bbox 460 1791 518 1865; x_wconf 87' lang='lat' dir='ltr'><strong>dis</strong></span> <span class='ocrx_word' id='word_1_27' title='bbox 537 1789 716 1887; x_wconf 83' lang='lat' dir='ltr'><strong>occupati,</strong></span> <span class='ocrx_word' id='word_1_28' title='bbox 755 1790 912 1888; x_wconf 87' lang='lat' dir='ltr'><strong>primum</strong></span> <span class='ocrx_word' id='word_1_29' title='bbox 941 1788 1154 1864; x_wconf 87' lang='lat' dir='ltr'><strong>Zahatkam</strong></span> <span class='ocrx_word' id='word_1_30' title='bbox 1180 1789 1343 1865; x_wconf 88' lang='lat' dir='ltr'><strong>validum</strong></span> <span class='ocrx_word' id='word_1_31' title='bbox 1376 1789 1586 1864; x_wconf 83' lang='lat' dir='ltr'><strong>Turcarum</strong></span> 
     </span>
     <span class='ocr_line' id='line_1_7' title="bbox 460 1912 1586 2015; baseline -0.006 -23"><span class='ocrx_word' id='word_1_32' title='bbox 460 1914 788 2015; x_wconf 75' lang='lat' dir='ltr'><strong>propugnaculum,</strong></span> <span class='ocrx_word' id='word_1_33' title='bbox 826 1937 907 1990; x_wconf 89' lang='lat' dir='ltr'><strong>cum</strong></span> <span class='ocrx_word' id='word_1_34' title='bbox 936 1914 1170 2012; x_wconf 81' lang='lat' dir='ltr'><strong>praesiderii,</strong></span> <span class='ocrx_word' id='word_1_35' title='bbox 1208 1914 1414 1990; x_wconf 84' lang='lat' dir='ltr'><strong>obfirmatis</strong></span> <span class='ocrx_word' id='word_1_36' title='bbox 1442 1912 1586 2000; x_wconf 86' lang='lat' dir='ltr'><strong>animis,</strong></span> 
     </span>
     <span class='ocr_line' id='line_1_8' title="bbox 465 2042 1588 2140; baseline -0.003 -24"><span class='ocrx_word' id='word_1_37' title='bbox 465 2049 631 2116; x_wconf 83' lang='lat' dir='ltr'><strong>extrema</strong></span> <span class='ocrx_word' id='word_1_38' title='bbox 639 2063 807 2140; x_wconf 88' lang='lat' dir='ltr'><strong>quaeque</strong></span> <span class='ocrx_word' id='word_1_39' title='bbox 817 2063 859 2115; x_wconf 92' lang='lat' dir='ltr'><strong>se</strong></span> <span class='ocrx_word' id='word_1_40' title='bbox 869 2063 1116 2139; x_wconf 89' lang='lat' dir='ltr'><strong>perpessuros</strong></span> <span class='ocrx_word' id='word_1_41' title='bbox 1132 2042 1588 2138; x_wconf 68' lang='lat' dir='ltr'><strong>affirmassentexpugna-</strong></span> 
     </span>
     <span class='ocr_line' id='line_1_9' title="bbox 469 2163 1590 2265; baseline -0.004 -23"><span class='ocrx_word' id='word_1_42' title='bbox 469 2174 565 2260; x_wconf 82' lang='lat' dir='ltr'><strong>rant,</strong></span> <span class='ocrx_word' id='word_1_43' title='bbox 604 2163 719 2241; x_wconf 79' lang='lat'><strong>1593.</strong></span> <span class='ocrx_word' id='word_1_44' title='bbox 757 2163 905 2258; x_wconf 76' lang='lat' dir='ltr'><strong>Turcis,</strong></span> <span class='ocrx_word' id='word_1_45' title='bbox 930 2167 1050 2264; x_wconf 91' lang='lat' dir='ltr'><strong>quiin</strong></span> <span class='ocrx_word' id='word_1_46' title='bbox 1078 2190 1122 2242; x_wconf 93' lang='lat' dir='ltr'><strong>eo</strong></span> <span class='ocrx_word' id='word_1_47' title='bbox 1142 2175 1259 2259; x_wconf 87' lang='lat' dir='ltr'><strong>erant,</strong></span> <span class='ocrx_word' id='word_1_48' title='bbox 1277 2191 1324 2242; x_wconf 92' lang='lat' dir='ltr'><strong>ne</strong></span> <span class='ocrx_word' id='word_1_49' title='bbox 1351 2191 1424 2244; x_wconf 93' lang='lat' dir='ltr'><strong>uno</strong></span> <span class='ocrx_word' id='word_1_50' title='bbox 1444 2168 1590 2265; x_wconf 86' lang='lat' dir='ltr'><strong>quidem</strong></span> 
     </span>
     <span class='ocr_line' id='line_1_10' title="bbox 463 2292 1591 2392; baseline 0.001 -25"><span class='ocrx_word' id='word_1_51' title='bbox 463 2301 629 2392; x_wconf 83' lang='lat' dir='ltr'><strong>excepto,</strong></span> <span class='ocrx_word' id='word_1_52' title='bbox 650 2292 818 2368; x_wconf 91' lang='lat' dir='ltr'><strong>omnibus</strong></span> <span class='ocrx_word' id='word_1_53' title='bbox 855 2292 1061 2384; x_wconf 86' lang='lat' dir='ltr'><strong>trucidatis,</strong></span> <span class='ocrx_word' id='word_1_54' title='bbox 1100 2293 1318 2390; x_wconf 90' lang='lat' dir='ltr'><strong>direptoque</strong></span> <span class='ocrx_word' id='word_1_55' title='bbox 1357 2294 1523 2386; x_wconf 84' lang='lat' dir='ltr'><strong>castello,</strong></span> <span class='ocrx_word' id='word_1_56' title='bbox 1555 2303 1591 2368; x_wconf 92' lang='lat' dir='ltr'><strong>et</strong></span> 
     </span>
     <span class='ocr_line' id='line_1_11' title="bbox 463 2416 1590 2513; baseline -0.003 -20"><span class='ocrx_word' id='word_1_57' title='bbox 463 2441 558 2494; x_wconf 90' lang='lat' dir='ltr'><strong>novo</strong></span> <span class='ocrx_word' id='word_1_58' title='bbox 577 2416 731 2492; x_wconf 89' lang='lat' dir='ltr'><strong>militnm</strong></span> <span class='ocrx_word' id='word_1_59' title='bbox 762 2418 950 2513; x_wconf 84' lang='lat' dir='ltr'><strong>praesidio</strong></span> <span class='ocrx_word' id='word_1_60' title='bbox 984 2419 1140 2510; x_wconf 86' lang='lat' dir='ltr'><strong>firmato,</strong></span> <span class='ocrx_word' id='word_1_61' title='bbox 1178 2419 1227 2493; x_wconf 83' lang='lat' dir='ltr'><strong>ad</strong></span> <span class='ocrx_word' id='word_1_62' title='bbox 1256 2416 1428 2494; x_wconf 87' lang='lat' dir='ltr'><strong>Filekum</strong></span> <span class='ocrx_word' id='word_1_63' title='bbox 1464 2427 1590 2496; x_wconf 87' lang='lat' dir='ltr'><strong>castra</strong></span> 
     </span>
     <span class='ocr_line' id='line_1_12' title="bbox 465 2541 1589 2642; baseline 0 -24"><span class='ocrx_word' id='word_1_64' title='bbox 465 2551 736 2642; x_wconf 81' lang='lat' dir='ltr'><strong>promoverant.</strong></span> <span class='ocrx_word' id='word_1_65' title='bbox 757 2542 931 2620; x_wconf 86' lang='lat' dir='ltr'><strong>Zahatka</strong></span> <span class='ocrx_word' id='word_1_66' title='bbox 953 2541 1013 2618; x_wconf 79' lang='lat'><strong>15.</strong></span> <span class='ocrx_word' id='word_1_67' title='bbox 1033 2544 1091 2618; x_wconf 90' lang='lat' dir='ltr'><strong>die</strong></span> <span class='ocrx_word' id='word_1_68' title='bbox 1112 2545 1346 2640; x_wconf 88' lang='lat' dir='ltr'><strong>Novembris,</strong></span> <span class='ocrx_word' id='word_1_69' title='bbox 1366 2567 1421 2637; x_wconf 81' lang='lat' dir='ltr'><strong>eo,</strong></span> <span class='ocrx_word' id='word_1_70' title='bbox 1439 2555 1481 2621; x_wconf 89' lang='lat' dir='ltr'><strong>ut</strong></span> <span class='ocrx_word' id='word_1_71' title='bbox 1499 2546 1589 2622; x_wconf 83' lang='lat' dir='ltr'><strong>dixi·</strong></span> 
     </span>
     <span class='ocr_line' id='line_1_13' title="bbox 467 2668 1592 2769; baseline -0.001 -25"><span class='ocrx_word' id='word_1_72' title='bbox 467 2689 549 2744; x_wconf 85' lang='lat' dir='ltr'><strong>mus</strong></span> <span class='ocrx_word' id='word_1_73' title='bbox 567 2668 675 2742; x_wconf 90' lang='lat' dir='ltr'><strong>modo</strong></span> <span class='ocrx_word' id='word_1_74' title='bbox 694 2676 817 2767; x_wconf 88' lang='lat' dir='ltr'><strong>capta,</strong></span> <span class='ocrx_word' id='word_1_75' title='bbox 840 2669 1015 2745; x_wconf 87' lang='lat' dir='ltr'><strong>Filekum</strong></span> <span class='ocrx_word' id='word_1_76' title='bbox 1037 2668 1310 2744; x_wconf 74' lang='lat' dir='ltr'><strong>inobsessum</strong></span> <span class='ocrx_word' id='word_1_77' title='bbox 1339 2671 1417 2762; x_wconf 82' lang='lat' dir='ltr'><strong>init,</strong></span> <span class='ocrx_word' id='word_1_78' title='bbox 1455 2671 1592 2769; x_wconf 85' lang='lat' dir='ltr'>ibique,</span> 
     </span>
     <span class='ocr_line' id='line_1_14' title="bbox 467 2791 1592 2894; baseline -0.002 -25"><span class='ocrx_word' id='word_1_79' title='bbox 467 2793 576 2869; x_wconf 87' lang='lat' dir='ltr'><strong>novis</strong></span> <span class='ocrx_word' id='word_1_80' title='bbox 595 2792 725 2892; x_wconf 90' lang='lat' dir='ltr'><strong>copiis,</strong></span> <span class='ocrx_word' id='word_1_81' title='bbox 765 2816 859 2890; x_wconf 88' lang='lat' dir='ltr'><strong>quae</strong></span> <span class='ocrx_word' id='word_1_82' title='bbox 889 2817 971 2868; x_wconf 92' lang='lat' dir='ltr'><strong>cum</strong></span> <span class='ocrx_word' id='word_1_83' title='bbox 995 2791 1249 2886; x_wconf 81' lang='lat' dir='ltr'><strong>Zoliomiensi,</strong></span> <span class='ocrx_word' id='word_1_84' title='bbox 1287 2802 1324 2868; x_wconf 90' lang='lat' dir='ltr'><strong>et</strong></span> <span class='ocrx_word' id='word_1_85' title='bbox 1353 2793 1592 2894; x_wconf 89' lang='lat' dir='ltr'><strong>Korponensi</strong></span> 
     </span>
     <span class='ocr_line' id='line_1_15' title="bbox 466 2920 1592 3010; baseline -0.002 -15"><span class='ocrx_word' id='word_1_86' title='bbox 466 2920 675 2996; x_wconf 76' lang='lat' dir='ltr'><strong>Praefectis</strong></span> <span class='ocrx_word' id='word_1_87' title='bbox 694 2920 935 3010; x_wconf 74' lang='lat' dir='ltr'><strong>advenerant</strong></span> <span class='ocrx_word' id='word_1_88' title='bbox 958 2921 1142 2995; x_wconf 87' lang='lat' dir='ltr'><strong>exercitus</strong></span> <span class='ocrx_word' id='word_1_89' title='bbox 1161 2927 1299 2997; x_wconf 76' lang='lat' dir='ltr'><strong>auctius.</strong></span> <span class='ocrx_word' id='word_1_90' title='bbox 1313 2923 1462 2996; x_wconf 82' lang='lat' dir='ltr'><strong>Interea</strong></span> <span class='ocrx_word' id='word_1_91' title='bbox 1476 2923 1592 2997; x_wconf 86' lang='lat' dir='ltr'><strong>fertur</strong></span> 
     </span>
     <span class='ocr_line' id='line_1_16' title="bbox 467 3046 1592 3138; baseline -0.002 -15"><span class='ocrx_word' id='word_1_92' title='bbox 467 3049 506 3123; x_wconf 93' lang='lat' dir='ltr'><strong>in</strong></span> <span class='ocrx_word' id='word_1_93' title='bbox 525 3054 660 3138; x_wconf 88' lang='lat' dir='ltr'><strong>castra,</strong></span> <span class='ocrx_word' id='word_1_94' title='bbox 682 3046 831 3121; x_wconf 82' lang='lat' dir='ltr'><strong>Turcas</strong></span> <span class='ocrx_word' id='word_1_95' title='bbox 852 3068 899 3119; x_wconf 84' lang='lat' dir='ltr'><strong>ex</strong></span> <span class='ocrx_word' id='word_1_96' title='bbox 918 3046 1093 3138; x_wconf 83' lang='lat' dir='ltr'><strong>Budensi,</strong></span> <span class='ocrx_word' id='word_1_97' title='bbox 1113 3055 1150 3122; x_wconf 92' lang='lat' dir='ltr'><strong>et</strong></span> <span class='ocrx_word' id='word_1_98' title='bbox 1169 3047 1592 3123; x_wconf 86' lang='lat' dir='ltr'><strong>TemesvariensiPrae·</strong></span> 
     </span>
     <span class='ocr_line' id='line_1_17' title="bbox 468 3170 1677 3283; baseline 0.001 -38"><span class='ocrx_word' id='word_1_99' title='bbox 468 3172 632 3264; x_wconf 75' lang='lat' dir='ltr'><strong>fecturis,</strong></span> <span class='ocrx_word' id='word_1_100' title='bbox 651 3170 794 3283; x_wconf 79' lang='lat' dir='ltr'><strong>viribus</strong></span> <span class='ocrx_word' id='word_1_101' title='bbox 817 3193 1041 3268; x_wconf 86' lang='lat' dir='ltr'><strong>numeroque</strong></span> <span class='ocrx_word' id='word_1_102' title='bbox 1060 3172 1320 3270; x_wconf 86' lang='lat' dir='ltr'><strong>praefidentes,</strong></span> <span class='ocrx_word' id='word_1_103' title='bbox 1340 3173 1436 3249; x_wconf 86' lang='lat' dir='ltr'><strong>etad</strong></span> <span class='ocrx_word' id='word_1_104' title='bbox 1448 3175 1591 3249; x_wconf 89' lang='lat' dir='ltr'><strong>soluen—</strong></span> <span class='ocrx_word' id='word_1_105' title='bbox 1674 3195 1677 3202; x_wconf 86' lang='lat'>·</span> 
     </span>
     <span class='ocr_line' id='line_1_18' title="bbox 470 3295 1593 3390; baseline -0.001 -19"><span class='ocrx_word' id='word_1_106' title='bbox 470 3297 554 3371; x_wconf 84' lang='lat' dir='ltr'><strong>dam</strong></span> <span class='ocrx_word' id='word_1_107' title='bbox 573 3295 804 3370; x_wconf 88' lang='lat' dir='ltr'><strong>obsidionem</strong></span> <span class='ocrx_word' id='word_1_108' title='bbox 824 3298 1029 3390; x_wconf 85' lang='lat' dir='ltr'><strong>tendentes,</strong></span> <span class='ocrx_word' id='word_1_109' title='bbox 1050 3298 1170 3373; x_wconf 90' lang='lat' dir='ltr'><strong>medio</strong></span> <span class='ocrx_word' id='word_1_110' title='bbox 1200 3297 1282 3376; x_wconf 92' lang='lat' dir='ltr'><strong>loco</strong></span> <span class='ocrx_word' id='word_1_111' title='bbox 1305 3300 1403 3375; x_wconf 91' lang='lat' dir='ltr'><strong>inter</strong></span> <span class='ocrx_word' id='word_1_112' title='bbox 1422 3299 1593 3374; x_wconf 86' lang='lat' dir='ltr'><strong>Filchum</strong></span> 
     </span>
     <span class='ocr_line' id='line_1_19' title="bbox 471 3419 1594 3520; baseline 0 -23"><span class='ocrx_word' id='word_1_113' title='bbox 471 3431 509 3497; x_wconf 89' lang='lat' dir='ltr'><strong>et</strong></span> <span class='ocrx_word' id='word_1_114' title='bbox 527 3419 725 3495; x_wconf 88' lang='lat' dir='ltr'><strong>Zechinnm</strong></span> <span class='ocrx_word' id='word_1_115' title='bbox 745 3421 971 3498; x_wconf 78' lang='lat' dir='ltr'><strong>consedisse.</strong></span> <span class='ocrx_word' id='word_1_116' title='bbox 992 3424 1049 3498; x_wconf 85' lang='lat' dir='ltr'><strong>Eo</strong></span> <span class='ocrx_word' id='word_1_117' title='bbox 1070 3425 1228 3520; x_wconf 85' lang='lat' dir='ltr'><strong>cognito,</strong></span> <span class='ocrx_word' id='word_1_118' title='bbox 1253 3423 1332 3499; x_wconf 92' lang='lat' dir='ltr'><strong>sine</strong></span> <span class='ocrx_word' id='word_1_119' title='bbox 1350 3424 1429 3498; x_wconf 83' lang='lat' dir='ltr'><strong>ulla</strong></span> <span class='ocrx_word' id='word_1_120' title='bbox 1447 3431 1594 3498; x_wconf 90' lang='lat' dir='ltr'><strong>cuncta-</strong></span> 
     </span>
     <span class='ocr_line' id='line_1_20' title="bbox 470 3542 1594 3649; baseline 0.001 -27"><span class='ocrx_word' id='word_1_121' title='bbox 470 3542 807 3644; x_wconf 84' lang='lat' dir='ltr'><strong>tioneStephanum</strong></span> <span class='ocrx_word' id='word_1_122' title='bbox 816 3547 1055 3642; x_wconf 84' lang='lat' dir='ltr'><strong>Bathoreum,</strong></span> <span class='ocrx_word' id='word_1_123' title='bbox 1068 3546 1294 3649; x_wconf 87' lang='lat' dir='ltr'><strong>Stephanum</strong></span> <span class='ocrx_word' id='word_1_124' title='bbox 1314 3549 1594 3634; x_wconf 81' lang='lat' dir='ltr'><strong>Homonnaium</strong></span> 
     </span>
     <span class='ocr_line' id='line_1_21' title="bbox 472 3671 1594 3776; baseline -0.001 -27"><span class='ocrx_word' id='word_1_125' title='bbox 472 3671 746 3769; x_wconf 76' lang='lat' dir='ltr'><strong>sigismundum</strong></span> <span class='ocrx_word' id='word_1_126' title='bbox 764 3672 1006 3769; x_wconf 74' lang='lat' dir='ltr'><strong>Rakoczium,</strong></span> <span class='ocrx_word' id='word_1_127' title='bbox 1036 3700 1118 3752; x_wconf 91' lang='lat' dir='ltr'><strong>cum</strong></span> <span class='ocrx_word' id='word_1_128' title='bbox 1136 3677 1389 3776; x_wconf 87' lang='lat' dir='ltr'><strong>Korponensi,</strong></span> <span class='ocrx_word' id='word_1_129' title='bbox 1420 3684 1457 3751; x_wconf 93' lang='lat' dir='ltr'><strong>et</strong></span> <span class='ocrx_word' id='word_1_130' title='bbox 1476 3675 1594 3754; x_wconf 90' lang='lat' dir='ltr'><strong>Zolio-</strong></span> 
     </span>
     <span class='ocr_line' id='line_1_22' title="bbox 471 3796 1595 3900; baseline -0.002 -26"><span class='ocrx_word' id='word_1_131' title='bbox 471 3798 604 3874; x_wconf 91' lang='lat' dir='ltr'><strong>miensi</strong></span> <span class='ocrx_word' id='word_1_132' title='bbox 622 3796 841 3893; x_wconf 83' lang='lat' dir='ltr'><strong>Praefectis,</strong></span> <span class='ocrx_word' id='word_1_133' title='bbox 861 3808 898 3876; x_wconf 93' lang='lat' dir='ltr'><strong>et</strong></span> <span class='ocrx_word' id='word_1_134' title='bbox 917 3803 1141 3877; x_wconf 88' lang='lat' dir='ltr'><strong>delectorum</strong></span> <span class='ocrx_word' id='word_1_135' title='bbox 1161 3803 1322 3900; x_wconf 88' lang='lat' dir='ltr'><strong>equitum</strong></span> <span class='ocrx_word' id='word_1_136' title='bbox 1342 3811 1499 3900; x_wconf 88' lang='lat' dir='ltr'><strong>quatuor</strong></span> <span class='ocrx_word' id='word_1_137' title='bbox 1517 3803 1595 3878; x_wconf 83' lang='lat' dir='ltr'><strong>fere</strong></span> 
     </span>
     <span class='ocr_line' id='line_1_23' title="bbox 473 3917 1596 4027; baseline 0.002 -29"><span class='ocrx_word' id='word_1_138' title='bbox 473 3924 646 4016; x_wconf 85' lang='lat' dir='ltr'><strong>millibus,</strong></span> <span class='ocrx_word' id='word_1_139' title='bbox 668 3947 713 4000; x_wconf 89' lang='lat' dir='ltr'><strong>ac</strong></span> <span class='ocrx_word' id='word_1_140' title='bbox 731 3925 873 4024; x_wconf 88' lang='lat' dir='ltr'><strong>aliquot</strong></span> <span class='ocrx_word' id='word_1_141' title='bbox 890 3927 1054 4027; x_wconf 88' lang='lat' dir='ltr'><strong>peditum</strong></span> <span class='ocrx_word' id='word_1_142' title='bbox 1083 3929 1309 4020; x_wconf 84' lang='lat' dir='ltr'><strong>cohortibus,</strong></span> <span class='ocrx_word' id='word_1_143' title='bbox 1334 3917 1396 4002; x_wconf 62' lang='lat' dir='ltr'><strong>&#39;ad</strong></span> <span class='ocrx_word' id='word_1_144' title='bbox 1423 3950 1488 4003; x_wconf 86' lang='lat' dir='ltr'><strong>eos</strong></span> <span class='ocrx_word' id='word_1_145' title='bbox 1516 3928 1596 4001; x_wconf 91' lang='lat' dir='ltr'><strong>loco</strong></span> 
     </span>
     <span class='ocr_line' id='line_1_24' title="bbox 473 4049 1597 4152; baseline 0 -26"><span class='ocrx_word' id='word_1_146' title='bbox 473 4049 821 4150; x_wconf 84' lang='lat' dir='ltr'><strong>pellendosducere</strong></span> <span class='ocrx_word' id='word_1_147' title='bbox 841 4055 975 4130; x_wconf 89' lang='lat' dir='ltr'><strong>iubent.</strong></span> <span class='ocrx_word' id='word_1_148' title='bbox 998 4054 1042 4129; x_wconf 90' lang='lat' dir='ltr'><strong>Id</strong></span> <span class='ocrx_word' id='word_1_149' title='bbox 1061 4054 1115 4130; x_wconf 86' lang='lat' dir='ltr'><strong>illi</strong></span> <span class='ocrx_word' id='word_1_150' title='bbox 1135 4056 1258 4130; x_wconf 90' lang='lat' dir='ltr'><strong>statim</strong></span> <span class='ocrx_word' id='word_1_151' title='bbox 1280 4053 1489 4152; x_wconf 72' lang='lat' dir='ltr'><strong>expediunt</strong></span> <span class='ocrx_word' id='word_1_152' title='bbox 1505 4053 1597 4126; x_wconf 90' lang='lat' dir='ltr'><strong>Tur·</strong></span> 
     </span>
     <span class='ocr_line' id='line_1_25' title="bbox 475 4177 1597 4276; baseline 0 -26"><span class='ocrx_word' id='word_1_153' title='bbox 475 4198 613 4273; x_wconf 86' lang='lat' dir='ltr'><strong>casque</strong></span> <span class='ocrx_word' id='word_1_154' title='bbox 632 4177 750 4275; x_wconf 91' lang='lat' dir='ltr'><strong>primo</strong></span> <span class='ocrx_word' id='word_1_155' title='bbox 769 4180 896 4254; x_wconf 90' lang='lat' dir='ltr'><strong>statim</strong></span> <span class='ocrx_word' id='word_1_156' title='bbox 913 4180 1052 4256; x_wconf 86' lang='lat' dir='ltr'><strong>insultu</strong></span> <span class='ocrx_word' id='word_1_157' title='bbox 1070 4181 1236 4266; x_wconf 80' lang='lat' dir='ltr'><strong>fundunt,</strong></span> <span class='ocrx_word' id='word_1_158' title='bbox 1262 4180 1476 4276; x_wconf 82' lang='lat' dir='ltr'><strong>fugantque,</strong></span> <span class='ocrx_word' id='word_1_159' title='bbox 1497 4197 1597 4252; x_wconf 85' lang='lat' dir='ltr'><strong>asse·</strong></span> 
     </span>
     <span class='ocr_line' id='line_1_26' title="bbox 477 4300 1597 4404; baseline -0.002 -28"><span class='ocrx_word' id='word_1_160' title='bbox 477 4310 647 4400; x_wconf 85' lang='lat' dir='ltr'><strong>quuntur,</strong></span> <span class='ocrx_word' id='word_1_161' title='bbox 666 4303 863 4400; x_wconf 84' lang='lat' dir='ltr'><strong>trucidant,</strong></span> <span class='ocrx_word' id='word_1_162' title='bbox 883 4314 920 4382; x_wconf 90' lang='lat' dir='ltr'><strong>et</strong></span> <span class='ocrx_word' id='word_1_163' title='bbox 939 4307 1136 4404; x_wconf 87' lang='lat' dir='ltr'><strong>perpaucis</strong></span> <span class='ocrx_word' id='word_1_164' title='bbox 1155 4304 1395 4403; x_wconf 83' lang='lat' dir='ltr'><strong>viviscaptis,</strong></span> <span class='ocrx_word' id='word_1_165' title='bbox 1412 4304 1507 4377; x_wconf 87' lang='lat' dir='ltr'><strong>alios</strong></span> <span class='ocrx_word' id='word_1_166' title='bbox 1528 4300 1597 4375; x_wconf 91' lang='lat' dir='ltr'><strong>Ze·</strong></span> 
     </span>
     <span class='ocr_line' id='line_1_27' title="bbox 477 4426 1599 4530; baseline 0.001 -30"><span class='ocrx_word' id='word_1_167' title='bbox 477 4426 622 4502; x_wconf 93' lang='lat' dir='ltr'><strong>chinum</strong></span> <span class='ocrx_word' id='word_1_168' title='bbox 640 4450 757 4526; x_wconf 80' lang='lat' dir='ltr'><strong>noque</strong></span> <span class='ocrx_word' id='word_1_169' title='bbox 775 4432 998 4530; x_wconf 89' lang='lat' dir='ltr'><strong>propellunt,</strong></span> <span class='ocrx_word' id='word_1_170' title='bbox 1029 4433 1164 4508; x_wconf 85' lang='lat' dir='ltr'><strong>castris</strong></span> <span class='ocrx_word' id='word_1_171' title='bbox 1195 4453 1331 4524; x_wconf 86' lang='lat' dir='ltr'><strong>eorum,</strong></span> <span class='ocrx_word' id='word_1_172' title='bbox 1362 4438 1400 4504; x_wconf 87' lang='lat' dir='ltr'><strong>et</strong></span> <span class='ocrx_word' id='word_1_173' title='bbox 1418 4427 1515 4504; x_wconf 93' lang='lat' dir='ltr'><strong>omni</strong></span> <span class='ocrx_word' id='word_1_174' title='bbox 1536 4452 1599 4525; x_wconf 92' lang='lat' dir='ltr'><strong>ap·</strong></span> 
     </span>
     <span class='ocr_line' id='line_1_28' title="bbox 475 4551 1599 4656; baseline 0.002 -29"><span class='ocrx_word' id='word_1_175' title='bbox 475 4559 610 4650; x_wconf 88' lang='lat' dir='ltr'><strong>paratu</strong></span> <span class='ocrx_word' id='word_1_176' title='bbox 628 4551 761 4630; x_wconf 90' lang='lat' dir='ltr'><strong>bellico</strong></span> <span class='ocrx_word' id='word_1_177' title='bbox 789 4557 917 4656; x_wconf 86' lang='lat' dir='ltr'><strong>potiti;</strong></span> <span class='ocrx_word' id='word_1_178' title='bbox 948 4580 1031 4633; x_wconf 85' lang='lat' dir='ltr'><strong>mox</strong></span> <span class='ocrx_word' id='word_1_179' title='bbox 1060 4583 1140 4636; x_wconf 91' lang='lat' dir='ltr'><strong>cum</strong></span> <span class='ocrx_word' id='word_1_180' title='bbox 1165 4559 1283 4655; x_wconf 80' lang='lat' dir='ltr'><strong>signis</strong></span> <span class='ocrx_word' id='word_1_181' title='bbox 1313 4553 1599 4655; x_wconf 74' lang='lat' dir='ltr'><strong>quatuordecim,</strong></span> 
     </span>
    </p>
   </div>
   <div class='ocr_carea' id='block_1_7' title="bbox 0 0 1851 5534">
    <p class='ocr_par' dir='ltr' id='par_1_7' title="bbox 0 0 1851 5534">
     <span class='ocr_line' id='line_1_29' title="bbox 0 0 1851 5534; baseline 0 0"><span class='ocrx_word' id='word_1_182' title='bbox 0 0 1851 5534; x_wconf 95' lang='lat' dir='ltr'><strong> </strong></span> 
     </span>
    </p>
   </div>
  </div>
 </body>
</html>
