3625 5534
486 466 563 544 142
885 494 936 546 ιο.
956 493 1058 545 nncn
1075 495 1225 548 asaovu
1371 497 1375 504 ·

482 667 567 743 aliis
585 677 730 769 tempus
749 693 794 746 ac
813 670 1027 745 facultatem
1047 671 1209 746 abeundi
1227 659 1461 770 praeberent.
1470 671 1530 747 Ad
1539 672 1606 746 has

480 795 594 892 igitur
614 798 858 874 Tartarorum
878 797 1058 894 reliquias
1077 797 1377 897 intercipiendos,
1407 799 1606 895 eodemque

483 923 624 1015 labore,
645 922 679 997 si
697 922 846 998 occasio
866 945 912 997 se
931 922 1038 997 daret
1064 920 1129 1014 ²⁶),
1152 923 1326 1022 oppidum
1351 925 1541 1023 Lippense
1563 947 1606 997 ac

487 1047 802 1124 'Pomosvariense
829 1045 879 1140 ²⁷)
900 1047 1156 1155 diripiendum,
1167 1071 1340 1146 supremo
1365 1046 1417 1140 ²⁸)
1438 1049 1531 1124 dnoc
1549 1070 1606 1123 co·

480 1175 625 1272 piarum
645 1174 850 1249 Francisco
870 1172 1008 1250 Gentio
1027 1174 1236 1269 designato,
1247 1183 1425 1251 veterano
1443 1173 1604 1249 iambel-

480 1298 610 1392 latore,
636 1321 681 1373 ac
700 1297 866 1397 Principi
876 1299 1056 1398 imprimis
1073 1299 1291 1376 fidelissimo
1318 1296 1376 1398 ²⁹),
1395 1300 1604 1375 universnm

479 1424 660 1523 Princeps
680 1425 882 1500 exercitum
910 1425 1137 1521 Lugasinum
1161 1448 1297 1501 versus
1325 1425 1474 1501 dimisit.
1506 1429 1602 1524 lpse,

479 1559 519 1627 nt
555 1574 683 1650 pacem
717 1552 931 1651 provinciae
968 1560 1145 1642 tueretur,
1183 1562 1221 1626 et
1258 1574 1354 1649 quae
1392 1554 1494 1629 bello
1523 1551 1604 1655 usui

467 1677 609 1766 forent,
629 1685 858 1774 procuraret,
886 1675 1008 1751 Albae
1036 1676 1226 1752 remansit.
1250 1679 1410 1776 Egressi
1430 1677 1601 1753 afinibus

479 1802 780 1900 Transylvaniae
808 1802 927 1876 nostri
968 1811 1165 1902 postquam
1193 1803 1397 1894 Facziado‚
1435 1801 1604 1878 Castello

477 1928 650 2021 Turcico‚
670 1949 741 2026 quo
761 1925 993 2024 Lugasinum
1020 1926 1107 2002 ituri
1135 1928 1373 2020 diverterant,
1403 1927 1604 2026 appropin-

478 2061 667 2152 quassent,
704 2053 933 2153 pracmissus
962 2075 1042 2128 cum
1071 2054 1223 2128 selectis
1251 2053 1394 2150 aliquot
1419 2052 1604 2149 equitibus

474 2172 823 2281 Moyrerfszekely,
844 2181 901 2254 vir
927 2202 1038 2253 mann
1066 2189 1251 2290 strenuus,
1279 2188 1386 2256 tanto
1405 2180 1445 2254 in
1462 2179 1603 2263 hostes,

474 2315 586 2405 atque
604 2307 698 2382 adeo
726 2307 765 2382 in
792 2313 924 2404 portas
952 2305 1101 2380 castelli
1118 2307 1248 2405 ipsius,
1280 2306 1419 2404 impetu
1436 2305 1604 2380 invectus

474 2441 545 2524 est,
564 2440 615 2522 ut,
637 2433 671 2508 si
688 2433 836 2531 pedites
854 2431 903 2507 ad
921 2431 1116 2506 id-delecti
1133 2431 1217 2530 pari
1236 2432 1433 2507 celeritate
1451 2429 1604 2505 usieum

474 2558 651 2654 consequi
673 2557 858 2632 destinato
877 2565 1043 2655 tempore
1061 2557 1282 2654 potuissent,
1304 2559 1441 2632 nullum
1452 2555 1600 2631 dubium

479 2690 547 2773 est,
585 2685 673 2780 quin
711 2708 755 2759 eo
794 2685 963 2784 protinus
992 2684 1130 2781 impetu
1166 2683 1205 2757 in
1243 2685 1434 2759 castellnm
1470 2683 1599 2756 irrum

417 2795 427 2818 '
475 2831 566 2906 pere
603 2809 817 2886 valuissent.
875 2807 950 2884 Sed
996 2831 1106 2906 quum
1132 2805 1184 2900 ⁸⁰)
1220 2807 1276 2882 illi
1313 2810 1444 2901 serius,
1489 2829 1601 2905 quam

473 2958 543 3033 par
563 2947 655 3030 erat,
684 2946 933 3028 accurrentes,
970 2934 1063 3011 nulli
1091 2957 1178 3012 esse
1206 2935 1288 3011 usui
1316 2942 1515 3034 potnerunt
1541 2927 1600 3030 ⁸¹),
1729 3012 1730 3049 p

472 3060 626 3160 Moyses
646 3071 828 3139 tormento
848 3062 984 3138 bellico
1003 3062 1100 3136 ictus
1118 3061 1183 3135 vix
1211 3061 1340 3136 evasit.
1371 3059 1497 3136 Ceteri
1518 3059 1599 3134 eius

473 3188 628 3263 comites
647 3211 691 3263 eo
711 3189 869 3279 sublato,
900 3187 1030 3285 paucis
1061 3186 1222 3278 amissis,
1259 3185 1461 3260 incolumes
1490 3207 1535 3260 sc
1562 3184 1599 3258 in

475 3313 677 3388 exercitum
704 3321 934 3411 receperunt.
972 3311 1124 3387 Pedites
1160 3311 1407 3410 nihilominus..
1444 3310 1601 3385 simulac
1728 3340 1729 3355 ι

472 3437 712 3530 advenerunt,
748 3438 877 3514 vineas
897 3461 942 3512 ac
960 3459 1140 3534 aggerem
1163 3436 1298 3529 iacere,
1336 3435 1598 3532 cuniculosque

473 3564 736 3640 subterraneos
755 3573 860 3641 tanta
879 3563 1073 3660 diligentia
1092 3570 1292 3659 coeperunt
1300 3575 1455 3654 struere,
1475 3567 1600 3637 utnon
1727 3656 1728 3661 Ἰ

472 3690 622 3766 dubium
641 3699 753 3782 esset,
774 3691 862 3789 quin
879 3713 1019 3789 paucos
1038 3698 1126 3788 post
1153 3689 1234 3765 dies
1262 3689 1417 3764 castello
1445 3685 1599 3787 potituri

471 3817 602 3892 forent.
624 3815 698 3893 Sed
716 3816 780 3891 ubi
798 3839 874 3892 nox
902 3816 1051 3912 ingruit,
1089 3814 1236 3889 iteratis
1270 3809 1316 3913 82)
1355 3811 1511 3889 allatum
1540 3819 1599 3888 est

471 3943 614 4017 nunciis
646 3943 694 4017 ad
712 3943 927 4039 generalem
947 3940 1135 4040 copiarum
1156 3939 1294 4032 ducem,
1307 3961 1481 4035 magnam
1498 3937 1598 4014 Tur·
1726 3928 1727 3967 ³

472 4129 619 4144 —ffln
656 4137 662 4142 -

579 4187 611 4255 ²⁸)
625 4189 648 4244 Ε
662 4187 827 4246 klizbatctel
844 4187 970 4244 Koa-ull
985 4189 1067 4244 ninas
1080 4205 1154 4262 mog.

580 4279 612 4349 ’')
626 4280 864 4338 'l'emesvariense

578 4369 610 4440 ²⁸)
623 4373 689 4424 Koa.
706 4371 858 4444 :generali

578 4458 611 4531 ²⁹)
625 4459 649 4513 E
661 4459 798 4517 kuzbeter
812 4479 847 4518 sa
862 4479 917 4531 epp.
940 4461 1067 4517 coi-ben
1080 4461 1166 4516 nine·
1179 4475 1251 4530 meg.

578 4551 587 4576 ¹¹
604 4549 614 4618 )
632 4553 693 4605 Koo.
707 4571 716 4604 .·
729 4568 792 4606 cum

580 4637 612 4708 ⁸¹)
629 4641 693 4692 lion.
708 4640 895 4712 :potuissent
931 4699 936 4706 ¹

578 4727 611 4797 ³¹)
624 4731 689 4782 lico.
703 4749 709 4780 :
723 4731 814 4787 ternis
