3625 5534
495 489 574 566 270
640 529 643 535 ·
839 492 842 497 ’
886 515 935 565 ro.
955 513 1054 565 ouon
1074 515 1224 566 eunoun

494 687 548 763 sis
566 688 605 762 in
624 688 717 763 locis
737 685 945 779 suffodiunt,
965 694 1003 761 ct
1021 686 1236 762 duodecimo
1255 697 1341 786 post
1358 691 1418 766 die
1427 693 1615 790 pulverem

492 813 768 888 tormentarium
788 811 966 888 cuniculis
978 813 1186 888 subiiciunt.
1206 815 1265 889 Ea
1282 818 1426 908 revisa,
1447 839 1528 892 cum
1547 817 1617 892 iam

494 938 642 1015 obsessi
659 961 738 1013 rem
756 937 1023 1013 conclamatam
1051 949 1088 1014 et
1111 939 1149 1013 in
1169 933 1278 1038 (acie)
1297 944 1503 1018 novaculae
1522 943 1618 1040 posi·

492 1072 569 1140 tam
586 1065 764 1162 riderent,
783 1087 851 1140 nec
870 1064 1067 1162 quidquam
1081 1064 1133 1164 ¹de
1143 1067 1325 1164 suppetiis
1336 1077 1546 1167 sperarent,
1564 1078 1616 1145 tu-

493 1191 666 1266 multuari
682 1191 1051 1289 tandcmooeperunt.
1070 1191 1256 1284 Praefecti
1277 1194 1553 1294 arcisNyarius
1582 1203 1617 1269 et

494 1314 705 1391 Terczkius
715 1316 911 1392 iuramenti
922 1317 1067 1414 quidem
1083 1339 1148 1391 eos
1167 1316 1423 1410 admonebant,
1434 1327 1472 1394 et
1486 1319 1617 1418 positis

494 1441 662 1537 genibus,
692 1447 732 1515 ut
749 1440 834 1537 ipsi,
864 1449 1062 1537 antequam
1081 1465 1149 1516 arr
1169 1441 1334 1536 dedatur,
1355 1443 1617 1536 occiderentur,

493 1565 680 1664 supplices
699 1567 877 1642 orabant:
897 1567 965 1641 sed
985 1566 1221 1663 praesidiarii
1240 1590 1307 1664 spe
1319 1567 1520 1666 desperata
1529 1567 1617 1642 nihil
1733 1617 1734 1626 κ

494 1689 640 1768 omnino
655 1690 715 1764 his
733 1691 881 1767 monitis
899 1693 1152 1767 movebantur.
1181 1693 1333 1767 Interim
1353 1690 1453 1768 OOL
1471 1695 1615 1782 milites,

493 1837 648 1914 qnorum
656 1817 825 1915 plerique
835 1817 924 1893 Itali
933 1817 1089 1912 fuerant,
1101 1818 1198 1893 olam
1207 1841 1252 1893 ex
1264 1841 1351 1894 arce
1362 1820 1616 1918 elapsiincas·

492 1947 553 2017 tra
561 1941 720 2016 hostium
730 1943 1021 2038 transfugerunt,
1042 1965 1240 2040 eorumque
1248 1944 1464 2040 religionem
1485 1945 1618 2042 ample-

493 2065 543 2160 xi,
563 2074 757 2164 apostatae
775 2068 968 2144 lactisunt.
988 2069 1099 2144 Eare
1110 2071 1270 2166 cognita,
1290 2070 1407 2145 ceteri
1425 2069 1615 2145 vehemen·

493 2201 551 2268 ter
578 2196 815 2290 consternati,
834 2196 958 2294 palam
981 2196 1106 2272 statim
1127 2219 1208 2271 eum
1218 2195 1353 2271 Turois
1374 2197 1420 2270 de
1435 2196 1616 2273 deditione

496 2315 658 2416 colloqui
677 2328 886 2418 coeperunt,
908 2321 1038 2417 quibis
1050 2321 1319 2398 conditionibus
1330 2343 1371 2396 se
1389 2319 1476 2396 illos
1496 2341 1617 2397 omnes

496 2465 577 2518 eum
594 2443 863 2542 impedimentis
901 2453 939 2521 et
959 2445 1095 2543 gladiis
1120 2447 1337 2522 dimissmos
1364 2446 1618 2545 promiserunt,

495 2573 536 2642 ut
552 2571 764 2664 praefectos
783 2571 881 2646 arcis
900 2569 1057 2647 Paulum
1078 2571 1271 2670 Nyarium,
1292 2569 1529 2665 Terczkium,
1550 2567 1616 2647 Co

485 2672 863 2790 ¹geranium-Italum,
901 2704 940 2772 et
966 2698 1144 2774 iuniorem
1172 2695 1375 2772 Kinslrium
1404 2695 1556 2772 obsides
1582 2697 1617 2770 in

497 2821 814 2896 commutationem
832 2820 989 2899 aliorum
1007 2823 1235 2922 captivorum
1253 2822 1453 2899 traderent.
1475 2821 1549 2897 His
1568 2822 1617 2896 its
1733 2913 1734 2918 Ν

484 2942 628 3052 pactis,
647 2945 757 3021 XIII.
770 2943 946 3022 Octobris
957 2947 1057 3022 circa
1067 2946 1256 3024 meridiem
1267 2946 1338 3024 duo
1349 2947 1467 3022 millia
1475 2954 1614 3022 nostro·
1733 2937 1734 2970 ¹

497 3092 578 3145 rum
592 3065 714 3165 Agris
733 3073 880 3168 egressi
899 3081 993 3148 suut.
1014 3072 1089 3149 Sed
1101 3070 1244 3148 Caesar
1263 3070 1517 3148 crudelitatem
1529 3069 1616 3149 Ger·
1733 3129 1734 3138 ,

498 3215 700 3288 manorum,
720 3219 829 3292 qnam
848 3198 886 3272 in
905 3199 1075 3296 captivos
1085 3197 1251 3274 Hatvani
1270 3206 1525 3286 exercuerant,
1547 3196 1616 3271 vin·

499 3316 696 3411 dicaturus,
724 3321 763 3395 in
788 3323 861 3398 tria
888 3330 1003 3400 totum
1030 3323 1258 3422 praesidium
1277 3323 1427 3419 agmina
1446 3321 1613 3422 separari

499 3440 634 3518 edixit:
653 3467 762 3520 unum
780 3447 849 3523 fnit
869 3446 1148 3542 Germanorum,
1169 3448 1325 3523 alterum
1344 3449 1613 3544 Vngaricorum

500 3566 661 3663 equitum
689 3592 734 3644 ac
762 3572 936 3668 peditum,
964 3572 1111 3649 tertium
1137 3571 1377 3670 plebeiorum.
1409 3568 1616 3647 Germanos

499 3712 625 3767 omnes
644 3693 694 3767 ad
712 3715 819 3771 unum
836 3698 1013 3773 trucidari
1023 3698 1141 3790 iussit,
1162 3697 1283 3772 edicto
1293 3698 1528 3795 promulgato
1539 3696 1616 3770 ideo

499 3839 542 3892 se
559 3814 631 3893 hoc
647 3818 783 3914 facere,
811 3829 851 3896 ut
870 3821 1063 3898 immanem
1076 3820 1346 3898 Germanorum
1364 3820 1560 3896 saevitiam
1577 3819 1615 3894 il·

497 3942 608 4019 lustri
619 3944 667 4019 ad
677 3967 819 4021 omnem
831 3946 1088 4044 posteritatem
1099 3944 1268 4045 exemplo
1281 3943 1614 4042 vindicaretaqui-

497 4066 568 4142 bns
588 4071 827 4165 cognovisset
844 4072 1125 4149 Musulmannos
1154 4094 1243 4148 suos
1270 4094 1338 4170 per
1363 4071 1616 4146 contumeliam

497 4211 674 4270 summam
693 4196 903 4273 excoriatos
931 4198 1057 4274 fuisse.
1099 4197 1279 4294 Vngarici
1299 4196 1456 4273 nominis
1485 4195 1616 4271 milites
1733 4199 1734 4202 ’

497 4315 653 4394 interfici
672 4320 817 4418 quidem
828 4328 941 4415 vetat,
952 4321 1019 4396 sed
1038 4320 1149 4420 diripi
1164 4321 1616 4397 omnesacinservitutem

497 4423 581 4541 rapi
596 4442 745 4541 patitur,
773 4452 966 4520 reservato
994 4444 1068 4519 sibi
1087 4443 1205 4521 Paulo
1225 4444 1379 4543 Nyario,
1401 4433 1438 4519 et
1456 4443 1544 4519 aliis
1564 4463 1617 4518 ar·
1733 4489 1734 4498 κ

498 4567 553 4644 cis
570 4569 782 4669 praefectis,
801 4592 955 4668 quornm
973 4572 1128 4648 consilio
1148 4572 1185 4646 in
1206 4592 1294 4647 suos
1313 4589 1402 4647 usus
1421 4567 1471 4643 ad
1492 4587 1614 4646 omnes

499 4693 713 4770 oeoasIones
731 4719 798 4794 per
818 4696 892 4772 vim
911 4705 1055 4775 extorto
1084 4701 1306 4776 abuteretur.
1344 4695 1389 4770 ln
1412 4693 1459 4769 iis
1488 4693 1558 4770 luit
1584 4699 1616 4812 et
1733 4749 1734 4760 ,
