3625 5534
856 537 905 588 10.
927 535 1027 587 neon
1046 533 1195 590 BAROVH

799 833 974 909 CAPV'P
1004 834 1260 926 QVINTVM.

493 1017 658 1117 Pdlffius
679 1021 802 1114 copias
829 1017 1006 1090 reducens
1033 1029 1193 1114 quattuor·
1212 1040 1314 1088 arces
1333 1040 1399 1086 nce
1420 1018 1571 1110 opinato

976 1146 1086 1238 cupit.

574 1338 709 1413 Palffiu
737 1348 857 1415 autem
887 1363 967 1413 cum
995 1339 1091 1412 inter
1111 1337 1271 1416 hostium
1299 1336 1491 1435 praesidia
1512 1357 1600 1410 suus
1723 1384 1724 1406 ,

467 1465 671 1572 reduceret,
691 1467 849 1557 Turcae,
869 1465 988 1562 quiin
1008 1465 1063 1539 eis
1093 1473 1209 1556 erant,
1239 1465 1292 1539 uti
1321 1472 1454 1561 postea
1474 1462 1601 1556 cogni.

466 1601 542 1666 tum
560 1592 640 1682 fuit,
669 1591 706 1663 id
726 1590 845 1674 veriti,
864 1613 912 1664 ne
931 1590 1077 1685 Vngari
1096 1590 1281 1665 universis
1309 1589 1462 1680 viribus,
1485 1586 1600 1662 veluti

467 1717 677 1794 continuata
697 1718 770 1791 iam
789 1716 955 1808 victorie,
977 1738 1042 1791 eos
1062 1725 1316 1814 oppugnatum
1335 1716 1516 1808 venirent,
1538 1739 1601 1787 an-

466 1843 796 1942 tecapiendumque
829 1840 902 1917 sibi
930 1842 979 1915 ad
1007 1842 1180 1936 effugium
1208 1849 1353 1939 tempus
1373 1841 1456 1932 rati,
1477 1839 1599 1938 portis

467 1969 621 2068 apertis,
639 1975 750 2043 noctu
769 1967 954 2064 eggressi,
975 1967 1059 2043 aliis
1078 1990 1202 2042 eorum
1223 1968 1335 2042 etiam
1344 1967 1520 2056 incensis,
1541 1988 1599 2040 oc·

473 2095 659 2170 casionem
697 2117 743 2168 ea
780 2092 984 2192 occupandi
1002 2094 1263 2190 praebuerunt,
1294 2116 1419 2170 eurum
1446 2089 1599 2167 numina

469 2222 622 2318 Dregel,
639 2220 827 2316 -Hidvegh,
848 2218 987 2312 chda,
1006 2227 1044 2293 et
1053 2219 1159 2294 Beke
1178 2220 1382 2295 traduntur.
1405 2219 1462 2295 Ne
1474 2229 1599 2296 autem

469 2347 597 2425 ecdem
617 2348 786 2444 exemplu
806 2344 1076 2441 Negradenses
1105 2345 1227 2438 etiam,
1256 2346 1329 2420 iam
1353 2347 1499 2442 signum
1519 2353 1599 2420 tan-

468 2481 544 2547 tum
562 2471 802 2569 profectionis
822 2476 1095 2567 exspectantes,
1124 2478 1325 2562 uterentur,
1354 2469 1508 2546 duorum
1534 2494 1599 2569 pe·

471 2597 586 2672 ditum
594 2597 740 2676 ‚indicio
758 2597 895 2672 factum
905 2597 985 2690 fuit,
997 2598 1059 2693 qui
1070 2597 1220 2674 fortuito
1233 2597 1344 2695 capti,
1354 2619 1435 2672 cum
1447 2595 1600 2672 adducti

472 2723 520 2800 ad
535 2747 601 2800 ecs
619 2724 786 2809 fuissent,
807 2747 1039 2821 nequaquam
1059 2724 1130 2798 sibi
1149 2747 1244 2799 nunc
1265 2725 1313 2798 ab
1333 2723 1403 2816 his,
1435 2723 1499 2820 qui
1519 2725 1600 2803 sine

473 2849 667 2927 tormentis
694 2849 1042 2946 impedimentisque
1060 2848 1207 2924 bellicis
1219 2857 1346 2924 essent
1374 2873 1441 2948 per
1460 2850 1603 2925 calcea

470 2976 675 3052 transituri.
692 2976 766 3050 vim
785 2984 997 3068 metuerent,
1018 2976 1072 3050 eis
1093 2999 1206 3071 aegre
1225 2982 1499 3074 persuaserunt.
1508 2971 1602 3049 Oum

473 3108 594 3177 autem
612 3099 673 3175 hic
690 3100 860 3196 Ncgradi
878 3099 1106 3196 Praefectus,
1127 3100 1341 3176 confirmato
1368 3101 1441 3174 iam
1461 3124 1484 3175 a
1502 3109 1602 3174 metu

474 3225 607 3318 animo,
628 3225 676 3300 ad
690 3223 969 3321 Dregelienscs,
989 3247 1077 3300 suos
1111 3223 1231 3299 adhuc
1258 3225 1309 3298 ibi
1338 3247 1422 3298 esse
1442 3223 1603 3300 arbitra-

367 3382 372 3393 ·
472 3358 546 3442 tus,
564 3359 671 3426 nocte
690 3351 901 3424 nunciatum
929 3350 1103 3442 misisset,
1132 3349 1227 3426 utin
1254 3348 1327 3423 fide
1347 3346 1526 3424 Caesaris
1547 3373 1603 3425 sc·

476 3476 566 3568 curi,
585 3500 608 3550 a
626 3475 664 3548 vi
681 3474 850 3570 hostium,
871 3477 934 3573 qui
947 3477 1038 3552 nihil
1056 3477 1191 3552 hastile
1218 3476 1258 3549 in
1286 3498 1353 3551 ecs
1377 3484 1505 3551 essent
1524 3483 1604 3552 ten-

477 3601 599 3691 taturi,
619 3623 743 3675 arcem
771 3607 978 3675 tuerentur:
1008 3601 1153 3697 Vngari
1172 3601 1431 3676 animadverso
1461 3623 1601 3678 errore.

475 3728 617 3803 referre
644 3725 838 3801 Praefecto
867 3727 1062 3820 iusserunt,
1093 3727 1237 3826 gratias
1266 3749 1309 3801 se
1336 3729 1381 3820 ei,
1401 3733 1506 3803 recta
1525 3751 1602 3803 mo·

475 3860 596 3943 nente,
615 3873 739 3948 agere,
751 3850 1005 3948 imperataque
1025 3851 1157 3950 cupide
1168 3875 1253 3928 esse
1267 3853 1444 3928 facturos.
1457 3851 1601 3928 Harum

474 4001 596 4053 rerum
614 3978 714 4055 fama
733 4001 814 4053 cum
832 3978 908 4079 iam
935 3984 1046 4053 antea
1075 3979 1112 4052 in
1144 3979 1275 4077 vulgus
1302 3986 1526 4070 emanasset,
1563 3989 1603 4055 et

475 4106 634 4179 omnium
655 4104 765 4179 animi
783 4105 900 4180 erecti
927 4103 965 4179 in
983 4127 1065 4180 eam
1084 4128 1188 4205 spem
1217 4114 1352 4200 essent,
1371 4103 1603 4182 Christiano-

474 4253 553 4305 rum
580 4253 643 4306 res
672 4229 858 4328 deinceps,
887 4231 1049 4329 propitio
1070 4232 1125 4307 eis
1146 4232 1239 4328 Dec,
1269 4232 1421 4308 meliore
1442 4215 1527 4308 luco
1548 4234 1602 4307 fu-

474 4365 594 4432 turas:
610 4358 741 4454 ingens
761 4358 1051 4432 voluntariorum
1070 4383 1117 4433 ex
1136 4360 1246 4456 plebe
1265 4357 1466 4454 Vngarica,
1487 4382 1534 4434 ex
1555 4360 1601 4434 iis

474 4482 693 4581 praesertim
712 4482 835 4576 Regni
854 4483 1035 4582 partibus,
1065 4484 1112 4558 cd
1143 4507 1236 4581 quas
1255 4485 1412 4559 nondum
1432 4488 1601 4581 pervasit

475 4609 532 4681 vis
543 4608 714 4701 Turcica,
725 4609 915 4685 multitudo
931 4609 967 4682 in
979 4609 1294 4701 castraccnfluxit,
1306 4632 1421 4707 usque
1435 4609 1541 4704 adeo,
1563 4617 1601 4685 ut

475 4754 599 4808 eurum
618 4757 876 4827 numeruseos,
887 4735 948 4830 qui
962 4735 1326 4833 stipendiafacerent,
1337 4735 1601 4830 facileaequa-

902 4845 912 4860 ἱ
