3625 5534
489 462 539 537 2ss
881 483 930 534 ro.
952 482 1053 532 nuru
1070 483 1219 533 nnnovn

488 661 595 754 Quod
612 663 664 736 ita
673 663 745 735 iam
757 668 940 735 maturent
959 659 1106 750 deterri,
1125 667 1165 735 ut
1182 660 1285 756 prius
1305 660 1403 736 adsit
1422 658 1608 770 Constan-

484 789 657 889 tinopoli,
686 813 794 887 quam
813 813 894 864 eam
914 788 1026 863 bilem
1054 786 1211 863 Caesari
1230 795 1397 880 moveat,
1424 795 1465 862 nt
1484 789 1608 864 serius

483 917 645 1009 illatum,
664 916 837 1015 perinde,
864 939 910 989 ae
929 916 1136 1010 neglectum
1164 921 1378 1006 censeatur,
1408 915 1509 1010 quod
1528 921 1609 988 tan·

486 1044 587 1133 dem,
615 1043 752 1141 etipse
777 1041 899 1139 capite
928 1062 993 1114 suo
1023 1041 1120 1128 luat,
1149 1047 1186 1114 et
1204 1040 1278 1114 illis
1307 1039 1356 1115 sit
1382 1041 1608 1136 gravissime

484 1170 582 1244 bello
609 1167 869 1244 redimendum.
899 1165 1056 1263 Scripsit
1074 1165 1139 1239 ille
1163 1166 1374 1258 confestim,
1402 1167 1466 1240 illo
1497 1189 1609 1260 argu·

484 1305 605 1371 mento
633 1295 852 1395 epistolam,
880 1293 1085 1390 obtulitque
1110 1290 1268 1388 Sinano,
1298 1293 1359 1391 qui
1389 1317 1470 1368 eam
1499 1317 1524 1366 a
1550 1314 1608 1366 me

484 1423 557 1497 sibi
575 1424 873 1521 interpretatam,
902 1428 1016 1494 totam
1036 1420 1228 1517 probavit,
1256 1421 1566 1516 obsignatamque
1585 1441 1609 1492 a

483 1549 628 1644 Legato
655 1548 848 1647 ipsiusmet
875 1547 1073 1622 tabellario
1103 1547 1222 1636 dedit,
1251 1569 1410 1644 propere
1437 1544 1486 1620 ad
1517 1565 1607 1618 suos

483 1675 729 1750 deferendam.
763 1671 1040 1747 Conciliaverat
1072 1672 1238 1769 Legatos
1274 1671 1345 1747 bac
1371 1694 1412 1744 rc
1440 1669 1607 1767 aliquam

483 1801 556 1874 sibi
583 1824 711 1876 rursus
739 1800 849 1874 fidem
875 1801 974 1898 apud
998 1799 1152 1889 Aulam,
1180 1822 1261 1873 cum
1280 1821 1341 1872 res
1360 1820 1457 1872 nova
1476 1817 1606 1872 omnes

483 1926 563 2001 eius
581 1925 703 2000 subito
731 1923 896 1999 rationes
920 1923 1081 1998 nudavit.
1111 1922 1289 1998 Habebat
1315 1921 1480 2018 Legatos
1509 1921 1607 1997 inter

482 2054 577 2127 alios
601 2052 789 2127 ministros
807 2051 919 2126 lidum
937 2051 1117 2148 imprimis
1136 2041 1208 2125 sibi
1227 2049 1419 2139 bominem,
1439 2048 1606 2124 eiusdem

481 2201 606 2254 secum
633 2179 813 2266 nationis,
837 2199 960 2252 rerum
984 2175 1162 2268 omnium,
1181 2175 1434 2271 actionumque
1452 2195 1606 2250 suarum

482 2304 685 2398 conscium,
713 2305 775 2401 qui
803 2304 911 2399 gravi
940 2303 1098 2400 quadam
1116 2301 1250 2376 iniuria
1278 2301 1459 2392 offensus,
1488 2302 1604 2376 abeo

480 2431 663 2529 profugit,
682 2431 948 2527 professusque
967 2427 1200 2524 Religionem
1220 2427 1390 2504 convenit
1414 2422 1603 2518 Sinanum,

481 2557 588 2652 eique
606 2580 744 2632 arcana
771 2555 892 2631 omnia
921 2555 1056 2652 Legati
1076 2555 1203 2629 ordine
1231 2556 1412 2653 apperuit
1441 2553 1603 2629 Sinanus

484 2682 658 2757 demirari
676 2682 806 2780 primo,
826 2704 920 2777 quae
940 2681 1157 2774 dicerentur,
1176 2689 1308 2780 postea
1325 2683 1459 2758 tacitns
1478 2703 1604 2758 secum

481 2809 667 2904 cogitare,
695 2833 744 2883 an
763 2807 895 2883 cadere
914 2808 953 2883 iu
972 2803 1154 2883 hominem
1172 2815 1313 2884 tantum
1332 2808 1438 2884 nefas
1462 2813 1604 2907 posset,

483 2935 545 3032 qui
564 2936 675 3033 paulo
702 2943 787 3010 ante
815 2957 939 3009 seeum
966 2934 1019 3009 ita
1048 2934 1251 3010 collocutus
1274 2933 1425 3028 luisset,
1453 2934 1602 3010 tandem

482 3062 683 3159 periculum
693 3062 838 3138 omuino
853 3062 933 3137 eius
952 3061 1007 3137 rei
1015 3062 1141 3137 faeere
1152 3060 1327 3153 decrevit,
1344 3060 1453 3136 mittit
1461 3082 1604 3139 summa

481 3187 670 3262 celeritate
688 3187 841 3282 Budam,
861 3195 898 3263 et
918 3186 966 3262 ad
984 3188 1154 3280 Bassam,
1173 3185 1259 3284 qnid
1277 3186 1358 3263 fieri
1376 3187 1485 3280 velit,
1513 3186 1604 3262 scri-

481 3312 546 3386 bit.
566 3313 606 3386 Is
623 3315 734 3410 paulo
752 3321 838 3412 post
854 3314 1112 3390 advenientem
1126 3313 1261 3409 Legati
1280 3314 1515 3389 tabellarium
1539 3312 1601 3390 ad-

482 3436 566 3512 duci
574 3437 624 3512 ad
633 3461 674 3515 se
684 3440 796 3533 iubet,
815 3463 1046 3538 excussoque
1056 3441 1264 3536 diligenter,
1274 3440 1447 3538 quicquid
1456 3441 1601 3539 uspiam

480 3562 644 3639 abditum
661 3563 800 3660 habuit,
820 3567 953 3659 aufert,
972 3565 1155 3663 mittitque
1175 3565 1361 3665 extemplo
1383 3564 1600 3662 Sinano,rc-

480 3696 581 3765 tento
608 3691 707 3788 apud
736 3715 777 3768 se
804 3693 986 3791 tantisper
1012 3693 1187 3768 homine:
1216 3693 1300 3769 dum
1327 3692 1415 3790 quid
1441 3689 1600 3768 Sinanus

480 3817 596 3892 vellet
614 3817 660 3892 de
679 3840 723 3894 eo
742 3818 1096 3916 lierieognosceret.
1115 3821 1175 3896 Ex
1193 3820 1239 3894 iis
1259 3819 1377 3896 literis
1398 3818 1446 3895 ad
1464 3817 1599 3895 Aulam

480 3939 647 4042 perlatis,
666 3944 848 4041 lectisque
867 3945 989 4020 omnia
1008 3968 1052 4021 eo
1062 3947 1173 4044 plane
1192 3945 1311 4036 modo,
1331 3968 1403 4043 quo
1422 3946 1469 4021 ab
1479 3945 1599 4021 indice

478 4074 625 4148 inerant
638 4071 858 4168 significata,
867 4073 1120 4150 innotuerunt:
1140 4074 1422 4173 Repertaesunt
1439 4072 1535 4148 enim
1544 4073 1596 4147 in·

479 4204 537 4274 ter
556 4206 681 4274 cetera
698 4198 865 4296 duplices
890 4200 1026 4298 Legati
1044 4201 1194 4294 literae,
1213 4201 1331 4292 aliae,
1361 4222 1455 4297 quas
1474 4199 1523 4274 ad
1543 4197 1598 4276 Si-

480 4325 566 4400 nani
584 4326 853 4424 praescriptum
872 4335 1105 4421 exaraverat,
1126 4329 1223 4404 aliae
1242 4329 1375 4426 quibus
1396 4328 1528 4420 omnia,
1546 4326 1599 4400 in·

480 4451 628 4546 genium
647 4474 751 4527 snum
770 4454 958 4548 detegens,
979 4476 1049 4528 nec
1065 4455 1130 4531 ulli
1150 4477 1318 4552 parcens,
1338 4477 1412 4529 non
1430 4450 1598 4546 Caesari,

479 4601 553 4652 non
572 4577 651 4652 eius
670 4579 870 4673 Ministris,
890 4581 991 4655 illum
1009 4581 1190 4672 dosidem,
1219 4579 1461 4678 foeminisqne
1480 4601 1599 4677 pensa

481 4703 721 4797 dividentem,
750 4706 850 4781 bella
876 4707 1106 4805 provincias,
1136 4715 1172 4783 et
1191 4708 1293 4784 bella
1320 4713 1597 4806 conponentem,
