3625 5534
496 492 573 574 100
898 512 948 566 10.
968 511 1070 564 nucu
1088 511 1239 564 esaovn

492 696 629 783 rareut,
649 686 926 782 coniunctisque
946 685 1122 775 consiliis,
1150 707 1195 760 ao
1215 684 1369 774 viribus,
1398 685 1615 760 teterrimum

491 817 636 892 hostem
655 839 679 888 a
696 812 904 888 cervicibus
930 809 1226 888 Christianorum
1244 813 1479 910 repellerent.
1495 809 1610 904 Quod·
1725 835 1726 872 r

490 941 524 1016 si
544 963 632 1016 vero
652 945 855 1027 cessarent,
874 943 913 1010 et
932 935 1137 1011 subsidium
1161 936 1251 1011 dare
1279 943 1551 1029 cunctarentur,
1572 936 1617 1010 vi·

491 1067 621 1141 dereut
657 1064 766 1138 etiam
794 1069 908 1159 atque
936 1061 1057 1152 etiam,
1095 1083 1142 1134 ue
1169 1060 1350 1158 Vugaris,
1381 1063 1443 1160 qui
1481 1085 1616 1138 omnen
1726 1059 1727 1066 '

489 1193 668 1266 hacteuus
687 1176 778 1264 belli
796 1186 947 1288 Turcici
976 1187 1108 1261 urolern
1136 1186 1216 1262 fere
1246 1187 1317 1262 soli
1346 1189 1615 1276 sustinuissent
1727 1200 1728 1264 l

490 1320 552 1392 vel
570 1337 724 1415 prorsus
744 1312 886 1400 deletis,
908 1309 969 1385 vel
988 1313 1214 1387 necessitate
1226 1293 1320 1412 ipsa,
1333 1315 1541 1390 Turcarum
1562 1336 1616 1388 se·

492 1465 535 1517 se
553 1439 759 1540 patrocinio
788 1437 1080 1526 subiicientibus,
1102 1439 1224 1512 aditus
1251 1439 1439 1515 Barbarie
1462 1441 1500 1513 iu
1520 1436 1617 1515 Ger·
1728 1483 1729 1488 =

490 1567 648 1643 maniam
674 1568 771 1640 ultro
800 1563 1017 1660 aperiretur.
1046 1563 1333 1661 Responderunt
1372 1566 1521 1642 ordines
1550 1568 1617 1640 Im-

490 1694 595 1792 perii,
615 1699 762 1789 gratum
781 1688 856 1763 sibi
884 1708 980 1778 esse,
1010 1688 1108 1785 quod
1138 1685 1283 1764 Caesar
1310 1714 1378 1788 pro
1408 1713 1477 1766 sua
1496 1691 1619 1766 autho·

490 1821 600 1896 ritate
637 1841 763 1893 curam
792 1814 1028 1891 Christianae
1065 1815 1294 1914 reipublicae
1322 1819 1472 1894 taudem
1499 1839 1620 1893 susce·

489 1947 625 2046 pisset:
650 1943 718 2019 sed
737 1965 808 2039 quo
827 1941 947 2015 miuus
973 1943 1071 2015 votis
1101 1941 1179 2016 eius
1208 1966 1347 2018 morem
1376 1967 1510 2040 gerere
1537 1965 1619 2042 pos.

489 2080 582 2167 seut,
602 2069 771 2170 impediri
792 2089 833 2141 se
853 2074 962 2158 metu,
990 2089 1036 2140 ne
1066 2067 1098 2140 si
1118 2068 1295 2142 subsidiis
1324 2069 1489 2166 ipsorum
1509 2071 1618 2143 oolla·

488 2201 548 2291 tis,
569 2200 696 2275 Turca
715 2195 788 2270 Dei
806 2192 986 2268 beneficio
1006 2193 1279 2290 reprimeretur,
1310 2201 1347 2271 et
1377 2221 1397 2271 e
1417 2195 1619 2273 Pannoniis

490 2327 695 2412 eiiceretur,
715 2320 889 2394 Pontifex
908 2319 1046 2394 bellum
1074 2321 1200 2404 statim
1228 2321 1323 2419 ipsis
1352 2345 1420 2420 pro
1439 2323 1621 2420 religione

453 2515 456 2519 ,
490 2473 559 2525 aua
586 2445 857 2547 promovenda,
885 2443 1076 2519 indiceret.
1108 2444 1268 2522 Proinde
1307 2448 1340 2522 si
1369 2472 1484 2540 arma,
1513 2471 1621 2546 pecu-

490 2577 600 2666 niam,
618 2575 755 2648 milites
774 2597 798 2646 a
817 2594 859 2646 se
878 2571 961 2645 dari
981 2568 1127 2646 Caesar
1153 2573 1374 2670 postularet.
1402 2573 1508 2671 prius
1528 2574 1621 2649 iure-

490 2701 645 2777 iurando
666 2723 708 2774 ee
726 2721 879 2774 securos
898 2697 1082 2790 redderet,
1102 2699 1199 2796 quod
1217 2705 1328 2796 parta
1342 2698 1416 2774 Dei
1443 2701 1623 2774 beneficio

490 2826 658 2918 victoria,
679 2825 816 2901 bellurn
834 2824 873 2897 iu
892 2845 934 2897 se
953 2821 1093 2897 nullum
1112 2820 1298 2916 Pontifex,
1318 2847 1363 2898 ac
1382 2825 1497 2898 ceteri
1519 2825 1625 2902 Priu-

490 2954 605 3052 cipes,
626 2953 688 3049 qui
706 2950 900 3046 religionis
928 2948 1073 3024 nomine
1102 2973 1125 3024 a
1154 2972 1195 3024 se
1225 2949 1339 3024 alieni
1358 2957 1507 3042 essent,
1548 2952 1624 3028 ullo

497 3101 656 3177 uuquam
676 3086 842 3176 tempore
861 3075 1103 3171 susciperent.
1116 3073 1231 3179 ‘Haec
1248 3077 1532 3174 protestantium
1542 3100 1628 3176 pos·

488 3205 615 3291 tulata,
634 3227 715 3278 cunr
734 3201 892 3278 aneari
912 3222 983 3276 nou
1002 3222 1071 3296 per
1090 3201 1213 3276 omnia
1240 3202 1515 3295 satisfacerent,
1539 3225 1625 3278 con·

490 3330 585 3404 siliis
603 3331 701 3404 ultro
730 3328 896 3423 citroque
915 3325 975 3400 diu
995 3324 1160 3420 agitatis,
1190 3347 1326 3423 magno
1356 3349 1436 3400 cum
1456 3327 1621 3403 omnium

447 3541 454 3552 .
490 3455 737 3530 cordatiorum
774 3453 959 3527 hominurn
988 3452 1127 3544 dolore,
1156 3459 1193 3525 et
1222 3452 1364 3549 ingenti
1393 3453 1625 3530 christianae

490 3579 717 3678 reipublicae
765 3577 1002 3668 detrimento,
1042 3575 1190 3651 tandem
1226 3599 1267 3650 re
1304 3577 1442 3651 iniecta
1478 3578 1623 3656 disces-

491 3728 572 3782 sum
590 3707 670 3780 fuit.

849 4050 1026 4176 oirvu
1057 4097 1257 4177 uouvn.

463 4281 551 4372 ¹De
581 4279 782 4381 Striponio,
819 4295 850 4355 et
877 4280 1062 4376 Hotoorto,
1091 4309 1114 4353 o
1147 4279 1366 4356 (feriationis
1385 4285 1627 4376 opprupuatis.

595 4482 748 4557 Interim
767 4480 947 4557 Matthias
967 4477 1171 4570 Archidux,
1190 4501 1272 4553 curn
1291 4477 1452 4553 Siuauus
1471 4480 1628 4556 omnino

489 4609 563 4683 iam
582 4632 673 4707 prae
692 4613 790 4683 metu
808 4629 970 4692 cessare,
990 4606 1226 4701 cunctarique
1238 4604 1461 4688 crederetur,
1476 4603 1532 4677 ita
1543 4605 1628 4682 bel-

489 4735 564 4810 lum
593 4742 722 4807 contra
750 4732 945 4808 christiani
971 4731 1126 4807 nominis
1157 4731 1285 4806 hostes
1314 4728 1519 4825 gerendum
1546 4741 1629 4808 sta-
