3625 5534
516 533 564 583 ou
579 532 659 583 nnn.
678 531 762 584 vno.
781 531 864 582 nno.
886 533 919 581 x.
938 533 971 582 n.
992 533 1044 585 rx.
1261 507 1337 586 201

548 845 723 923 CAPVT
751 845 1006 925 TERTIVM.

276 1027 332 1101 De
351 1051 424 1100 non
442 1029 585 1102 obtento
604 1027 791 1118 deditione,
813 1053 857 1102 oe
875 1037 990 1101 morte
1012 1026 1141 1103 Caroli
1160 1029 1288 1104 Dacis.

327 1207 470 1300 Quibus
498 1209 609 1285 rebus
638 1209 833 1304 contentis,
861 1209 1107 1284 Mansfeldius
1135 1209 1339 1307 Beglerbe·

216 1357 304 1430 gum
333 1330 542 1422 Anatoliae,
571 1335 633 1432 qui
662 1334 852 1432 praesidio
872 1333 1032 1409 'Puroieo
1061 1334 1099 1408 in
1126 1357 1214 1409 aree
1231 1358 1336 1430 prae·

218 1467 311 1550 erat,
331 1458 513 1560 hominem
532 1459 606 1534 iam
624 1467 748 1535 aetate
767 1460 926 1535 obsitum
946 1467 1057 1556 atque
1085 1482 1249 1556 gravem,
1279 1460 1342 1536 da-

216 1586 264 1660 tis
283 1587 456 1682 utrinque
475 1586 668 1663 obsidibus
689 1596 832 1680 evoeat,
854 1596 890 1662 et
919 1587 967 1662 ad
992 1586 1214 1661 deditionem
1242 1585 1341 1662 areis

217 1711 342 1786 multis
361 1711 587 1808 argumentis
615 1711 796 1789 hortatur.
828 1709 897 1788 Oui
925 1713 1154 1809 respondens
1182 1713 1337 1807 Begler·

216 1837 356 1932 begns:
380 1833 456 1933 „St
475 1837 600 1935 inquit,
620 1841 827 1936 Imperator
847 1861 950 1914 mens
968 1839 1064 1914 huno
1084 1839 1203 1913 solum
1222 1837 1337 1936 oapil·

217 1962 292 2036 lum
311 1961 531 2037 credidisset
549 1986 654 2039 meae
682 1963 779 2055 fidei,
807 1972 1030 2039 tamencum
1051 1971 1216 2039 extremo
1245 1964 1342 2038 salu·

217 2085 265 2160 tis
284 2086 496 2162 discrimine
516 2098 669 2187 paratus
689 2110 810 2164 essem
830 2112 912 2164 eum
931 2111 1187 2188 propugnare:
1213 2086 1340 2178 Quan-

216 2219 253 2286 to
272 2233 364 2308 ergo
384 2207 502 2309 magis
522 2187 728 2288 defendere·
740 2215 901 2290 debuero
921 2213 1223 2310 angustissimam
1242 2212 1339 2287 hano

217 2359 350 2428 aroem,
371 2338 771 2437 qnaeetiamnpudvos
788 2341 880 2416 tanti
899 2339 986 2413 olim
1006 2338 1178 2415 momenti
1190 2360 1337 2433 semper
1434 2369 1440 2380 ·

216 2461 336 2536 luerit.
357 2459 517 2537 Proinde
536 2462 746 2539 decrevisse
766 2486 807 2539 se
828 2487 906 2538 eam
929 2463 978 2537 ad
997 2470 1200 2536 extremum
1218 2483 1334 2557 usque

217 2585 384 2683 spiritum
403 2589 509 2678 tueri,
530 2596 566 2663 et
594 2590 702 2665 fidem
731 2613 775 2664 ao
802 2589 1051 2664 obedientiam
1080 2586 1237 2662 Caesari
1265 2608 1333 2662 suo

218 2710 421 2808 obligatam
440 2713 538 2790 vitae
557 2715 630 2812 ipsi
647 2717 906 2824 praelatorum,
930 2721 967 2787 et
985 2713 1082 2788 hane
1099 2709 1341 2788 suamvolun-

218 2841 330 2910 tatem
359 2835 496 2912 Onrolo
523 2839 597 2937 ipsi
623 2840 776 2937 probari
804 2861 918 2938 posse
947 2838 1120 2914 ostendit.
1159 2837 1245 2912 Hae
1272 2860 1340 2935 spe

219 2959 382 3036 deieotns
401 2958 570 3058 Carolus,
591 2965 719 3061 paneis
747 2972 833 3059 post
852 2963 992 3054 diebus,
1023 2964 1061 3037 in
1080 2962 1340 3058 gravissimam

218 3085 475 3163 dissenterinm
505 3090 613 3165 simul
641 3099 678 3165 et
705 3090 838 3165 febrim
868 3087 1166 3164 ardentissimam
1198 3084 1336 3176 inoidit,

218 3233 289 3306 qna
314 3212 607 3310 ingravescente,
634 3213 802 3311 quamvis
831 3213 875 3287 de
915 3213 1136 3287 medicorum
1176 3209 1333 3284 oonsilio

218 3331 411 3410 Oomarnm
430 3338 630 3413 subvectus
648 3337 792 3422 luisset.
814 3337 940 3411 statim
959 3344 1082 3410 tamen
1097 3356 1182 3409 aree
1194 3330 1339 3429 Strigo-

218 3464 334 3539 mensi
363 3464 521 3539 nondum
541 3471 661 3562 capta,
690 3486 736 3537 ex
755 3464 827 3538 hae
846 3462 924 3536 vita
944 3461 1115 3552 decessit,
1144 3483 1189 3535 ae
1206 3459 1339 3555 ingens

219 3588 273 3662 sui
292 3587 515 3664 desiderium
534 3587 640 3664 bonis
660 3588 828 3664 omnibus
848 3596 935 3685 post
954 3610 995 3661 se
1016 3587 1174 3684 reliquit.
1206 3582 1338 3679 Singu-

216 3712 305 3788 laris
324 3714 422 3788 euim
439 3721 512 3787 tam
542 3713 759 3811 peritissimi
779 3712 881 3787 dunis
911 3712 1028 3786 virtus
1056 3711 1094 3785 in
1122 3708 1234 3784 totius
1262 3707 1338 3781 Vn-

220 3840 348 3932 gariae
377 3840 692 3935 reeuperationem
720 3838 914 3936 plurimum
942 3838 1135 3934 profutura
1152 3831 1339 3907 iudicaba-

216 3969 282 4038 tur.
303 3960 530 4060 Surrogatus
550 3965 585 4040 ei
604 3970 662 4040 est
682 3965 949 4054 Rosurumbus,
970 3963 1054 4036 dum
1073 3957 1257 4035 Matthias
1267 3955 1334 4030 Ar·

217 4087 348 4166 ohidux
367 4090 581 4187 appelleret.
