3625 5534
492 505 563 580 116
882 516 930 578 ro.
952 526 1048 578 ouon
1069 526 1216 578 naaovrr

483 721 707 817 frameisque
725 718 924 810 abundant,
945 717 1046 794 areui
1064 725 1217 812 tanturn,
1236 741 1280 794 ao
1299 719 1462 818 equestri
1481 721 1599 818 perni-

485 847 586 922 citati
604 847 798 923 confidunt.
820 841 945 942 Siquis
967 869 987 920 e
1007 845 1118 944 plebe
1147 842 1276 921 lethali
1304 848 1432 922 morbo
1461 847 1601 923 affinia·

483 983 552 1068 tur,
570 973 707 1050 ineius
726 974 924 1050 stationem
935 971 1045 1046 hasta
1056 970 1237 1068 defigitur,
1255 971 1355 1071 pileo
1369 973 1477 1070 nigro
1496 997 1601 1071 prae-

381 1159 393 1190 ,
462 1100 569 1192 ·fixo,
588 1123 632 1176 eo
650 1101 731 1176 viso
750 1101 864 1176 intrat
881 1122 998 1190 nemo,
1019 1099 1086 1174 sed
1105 1100 1199 1174 olam
1227 1099 1304 1174 vita
1331 1100 1477 1176 innotus
1498 1121 1601 1198 sepe-

488 1227 595 1320 litur;
625 1226 663 1301 in
693 1228 863 1324 sepulcro
879 1225 970 1316 eius,
990 1224 1022 1297 si
1044 1225 1190 1301 occasio
1220 1247 1286 1301 suo
1310 1225 1414 1324 ipsos
1432 1248 1534 1301 more
1551 1224 1603 1300 uti

483 1354 682 1450 permittat,
699 1375 860 1428 mensam
881 1358 967 1426 ante
986 1350 1284 1451 illum,soyphum
1295 1351 1420 1448 equini
1438 1349 1559 1444 laetis,
1570 1359 1605 1425 et

334 1575 337 1579 ι
484 1479 607 1555 earnis
627 1479 810 1553 alveolum
839 1485 1013 1570 statuunt,
1043 1476 1176 1574 quibus
1204 1471 1378 1552 adiiciunt
1405 1477 1603 1552 iumentum

485 1627 566 1679 oum
582 1603 696 1702 pullo,
716 1613 753 1678 et
771 1600 1004 1700 phaleratum
1014 1625 1156 1699 equum.
1167 1602 1239 1677 His
1258 1601 1447 1694 eonsentis,
1469 1601 1605 1678 iumen·

483 1739 558 1806 tum
575 1728 667 1805 illud
686 1727 889 1819 comedunt,
909 1727 1060 1824 eiusque
1080 1727 1219 1804 eorium
1238 1727 1414 1803 stramine
1443 1724 1602 1827 eomple-

434 1917 437 1922 .
483 1863 558 1931 tum
576 1855 615 1930 in
632 1853 798 1954 patibulo
817 1855 1053 1951 suspendunt,
1074 1855 1300 1953 eomestiqne
1311 1855 1396 1953 equi
1411 1876 1604 1930 ossaoom·

481 1983 625 2057 burnnt.
661 1979 785 2078 Siquis
804 1980 1067 2056 eminentioris«
1085 1982 1253 2058 fortunae
1278 1981 1354 2056 vita
1386 1977 1603 2068 exoesserit,

483 2131 564 2184 eum
591 2108 861 2206 pretiosissimo
888 2109 1017 2185 habitu
1044 2109 1144 2185 humi
1172 2110 1282 2184 etiam
1305 2107 1526 2200 reconditur,
1545 2107 1607 2180 tri.
1721 2211 1725 2220 Ι

483 2236 660 2333 gintaque
690 2236 821 2332 diebus
851 2236 1007 2330 lugetur.
1037 2235 1229 2335 Principes
1259 2245 1455 2335 antequam
1484 2232 1607 2332 exspi-

457 2371 577 2448 ·rent,
596 2383 741 2438 servum
753 2361 931 2458 deligunt,
952 2383 1060 2457 quem
1071 2384 1194 2437 seeum
1213 2360 1336 2436 vivum
1356 2359 1606 2460 sepeliendum

485 2495 636 2578 onrant3
652 2487 705 2562 ita
722 2510 796 2562 non
813 2494 954 2563 tantum
973 2487 1058 2578 vivi,
1087 2487 1153 2564 sed
1181 2493 1218 2562 et
1246 2488 1377 2563 mortui
1397 2487 1608 2562 dirissimae

481 2612 720 2688 immanitatis
738 2612 847 2689 laude
866 2612 1105 2689 deleotantnr.

937 2838 1130 2849 --η-.-

688 3035 694 3044 “
809 3021 984 3099 OAPVT
1013 3022 1264 3099 TERTIVM.

508 3189 562 3261 De
581 3186 760 3261 horrendo
785 3186 1018 3261 Tartaron-am
1046 3186 1267 3259 inemendate
1283 3241 1291 3280 ,
1319 3211 1426 3282 quom
1445 3186 1487 3258 ἐπ
1507 3185 1576 3258 lanc

709 3317 842 3388 receuti
861 3314 1087 3410 expeditione
1102 3321 1370 3408 perpetrarant.

585 3472 754 3565 Quatnor
772 3475 845 3549 iam
864 3474 1119 3573 expeditiones
1135 3474 1172 3548 in
1183 3470 1387 3569 Vngariam
1398 3471 1444 3546 ab
1457 3470 1606 3546 immani

487 3598 729 3675 Tartarorum
749 3609 860 3697 gente
880 3610 1074 3699 susceptas
1093 3601 1223 3692 fuisse,
1252 3624 1298 3674 ex
1324 3597 1491 3688 historiis
1511 3621 1606 3673 oom-

483 3734 626 3824 pertum
663 3726 851 3802 habemus.
897 3725 1058 3802 Primam
1096 3727 1334 3826 irruptionem
1371 3724 1444 3799 huo
1479 3725 1607 3800 feeere

484 3858 665 3950 regnante
685 3852 778 3929 Bela
796 3852 950 3944 Quarto,
970 3876 1077 3950 quem
1097 3853 1218 3945 etiam,
1239 3859 1385 3929 vastata
1402 3850 1506 3951 prius
1525 3873 1606 3925 oru-

485 3977 674 4053 delissime
692 3984 770 4053 tota
789 3977 952 4075 regione,
973 3978 1021 4052 ad
1039 3975 1180 4054 insulas
1200 3979 1313 4055 maris
1333 3975 1516 4052 Adriatici
1543 4001 1607 4052 ex·

480 4103 618 4201 pulere.
653 4104 743 4178 lude
762 4114 895 4202 postea
914 4103 1007 4197 Rex,
1027 4113 1363 4203 postquamexeoto
1382 4103 1607 4200 inVngaria

485 4228 654 4322 triennio,
673 4231 878 4306 foedissimi
896 4231 1025 4308 hostes
1052 4233 1314 4322 abcessissent,
1340 4229 1476 4306 auxilio
1505 4229 1606 4304 Rho-

479 4356 672 4432 dianorum
703 4357 985 4455 erueigerorum,
1006 4365 1042 4432 et
1061 4357 1348 4456 Frangepanum
1376 4355 1548 4431 uomitum
1569 4355 1607 4430 in

479 4482 676 4578 pristinam
696 4485 912 4583 dignitatem
931 4485 1134 4561 restitutus.
1155 4483 1262 4560 Alter
1272 4507 1397 4560 eorum
1406 4483 1607 4580 ingressus

479 4607 608 4683 inuidit
626 4608 665 4682 in
682 4609 1025 4708 temporaLarlislai
1045 4609 1187 4702 Quarti,
1208 4609 1269 4706 qui
1289 4607 1466 4708 Stephani
1487 4609 1608 4706 quinti

480 4732 578 4808 filius
596 4735 675 4821 fuit,
696 4736 840 4831 quaudo
862 4736 1014 4810 Tartari
1033 4744 1147 4810 totam
1167 4736 1352 4832 regionem
1373 4738 1484 4846 longe
1514 4737 1608 4811 late-
