<?xml version="1.0" encoding="UTF-8"?>
<!DOCTYPE html PUBLIC "-//W3C//DTD XHTML 1.0 Transitional//EN"
    "http://www.w3.org/TR/xhtml1/DTD/xhtml1-transitional.dtd">
<html xmlns="http://www.w3.org/1999/xhtml" xml:lang="en" lang="en">
 <head>
  <title>
</title>
<meta http-equiv="Content-Type" content="text/html;charset=utf-8" />
  <meta name='ocr-system' content='tesseract 3.04.00' />
  <meta name='ocr-capabilities' content='ocr_page ocr_carea ocr_par ocr_line ocrx_word'/>
</head>
<body>
  <div class='ocr_page' id='page_1' title='image "./magyarhistorija00decsgoog_0060.png"; bbox 0 0 3625 5534; ppageno 0'>
   <div class='ocr_carea' id='block_1_1' title="bbox 464 497 1193 573">
    <p class='ocr_par' dir='ltr' id='par_1_1' title="bbox 464 497 1193 573">
     <span class='ocr_line' id='line_1_1' title="bbox 464 497 1193 573; baseline -0.007 0"><span class='ocrx_word' id='word_1_1' title='bbox 464 506 522 573; x_wconf 87' lang='lat' dir='ltr'><strong>LII</strong></span> <span class='ocrx_word' id='word_1_2' title='bbox 846 519 946 570; x_wconf 85' lang='lat' dir='ltr'><strong>oucsr</strong></span> <span class='ocrx_word' id='word_1_3' title='bbox 960 497 1065 568; x_wconf 81' lang='lat' dir='ltr'><strong>rinos</strong></span> <span class='ocrx_word' id='word_1_4' title='bbox 1083 499 1193 568; x_wconf 78' lang='grc'>1111166</span> 
     </span>
    </p>
   </div>
   <div class='ocr_carea' id='block_1_2' title="bbox 461 684 1599 4836">
    <p class='ocr_par' dir='ltr' id='par_1_2' title="bbox 461 684 1599 3800">
     <span class='ocr_line' id='line_1_2' title="bbox 462 684 1598 786; baseline -0.005 -22"><span class='ocrx_word' id='word_1_5' title='bbox 462 713 546 766; x_wconf 90' lang='lat' dir='ltr'><strong>num</strong></span> <span class='ocrx_word' id='word_1_6' title='bbox 575 688 807 786; x_wconf 75' lang='lat' dir='ltr'><strong>disciplinam</strong></span> <span class='ocrx_word' id='word_1_7' title='bbox 828 717 836 762; x_wconf 87' lang='lat'>:</span> <span class='ocrx_word' id='word_1_8' title='bbox 857 687 946 764; x_wconf 89' lang='lat' dir='ltr'><strong>illae</strong></span> <span class='ocrx_word' id='word_1_9' title='bbox 985 689 1105 762; x_wconf 87' lang='lat' dir='ltr'><strong>Deum</strong></span> <span class='ocrx_word' id='word_1_10' title='bbox 1143 684 1344 777; x_wconf 88' lang='lat' dir='ltr'><strong>colendum,</strong></span> <span class='ocrx_word' id='word_1_11' title='bbox 1382 685 1598 783; x_wconf 83' lang='lat' dir='ltr'><strong>proximum</strong></span> 
     </span>
     <span class='ocr_line' id='line_1_3' title="bbox 463 812 1596 913; baseline -0.004 -22"><span class='ocrx_word' id='word_1_12' title='bbox 463 814 699 911; x_wconf 87' lang='lat' dir='ltr'><strong>diligendum,</strong></span> <span class='ocrx_word' id='word_1_13' title='bbox 727 823 904 913; x_wconf 83' lang='lat' dir='ltr'><strong>parentes</strong></span> <span class='ocrx_word' id='word_1_14' title='bbox 942 814 1189 902; x_wconf 88' lang='lat' dir='ltr'><strong>honorandos,</strong></span> <span class='ocrx_word' id='word_1_15' title='bbox 1227 835 1299 887; x_wconf 92' lang='lat' dir='ltr'><strong>uon</strong></span> <span class='ocrx_word' id='word_1_16' title='bbox 1337 812 1596 901; x_wconf 90' lang='lat' dir='ltr'><strong>occidendum,</strong></span> 
     </span>
     <span class='ocr_line' id='line_1_4' title="bbox 461 938 1596 1033; baseline -0.004 -14"><span class='ocrx_word' id='word_1_17' title='bbox 461 967 534 1019; x_wconf 93' lang='lat' dir='ltr'><strong>uon</strong></span> <span class='ocrx_word' id='word_1_18' title='bbox 552 942 758 1033; x_wconf 81' lang='lat' dir='ltr'><strong>furandum,</strong></span> <span class='ocrx_word' id='word_1_19' title='bbox 779 965 852 1016; x_wconf 94' lang='lat' dir='ltr'><strong>non</strong></span> <span class='ocrx_word' id='word_1_20' title='bbox 871 940 1159 1032; x_wconf 89' lang='lat' dir='ltr'><strong>adulterandum,</strong></span> <span class='ocrx_word' id='word_1_21' title='bbox 1178 963 1252 1015; x_wconf 91' lang='lat' dir='ltr'><strong>nou</strong></span> <span class='ocrx_word' id='word_1_22' title='bbox 1270 939 1405 1014; x_wconf 84' lang='lat' dir='ltr'><strong>falsum</strong></span> <span class='ocrx_word' id='word_1_23' title='bbox 1423 938 1596 1014; x_wconf 89' lang='grc'>166111116-</span> 
     </span>
     <span class='ocr_line' id='line_1_5' title="bbox 462 1065 1599 1166; baseline -0.004 -21"><span class='ocrx_word' id='word_1_24' title='bbox 462 1071 561 1146; x_wconf 91' lang='lat' dir='ltr'><strong>nium</strong></span> <span class='ocrx_word' id='word_1_25' title='bbox 581 1067 785 1158; x_wconf 92' lang='lat' dir='ltr'><strong>dicendum,</strong></span> <span class='ocrx_word' id='word_1_26' title='bbox 805 1090 877 1142; x_wconf 90' lang='lat' dir='ltr'><strong>non</strong></span> <span class='ocrx_word' id='word_1_27' title='bbox 888 1065 1217 1166; x_wconf 89' lang='lat' dir='ltr'><strong>concupiscendum</strong></span> <span class='ocrx_word' id='word_1_28' title='bbox 1238 1065 1463 1162; x_wconf 83' lang='lat' dir='ltr'><strong>generaliter</strong></span> <span class='ocrx_word' id='word_1_29' title='bbox 1483 1089 1599 1163; x_wconf 89' lang='lat' dir='ltr'><strong>prae·</strong></span> 
     </span>
     <span class='ocr_line' id='line_1_6' title="bbox 462 1191 1597 1294; baseline -0.004 -24"><span class='ocrx_word' id='word_1_30' title='bbox 462 1195 623 1294; x_wconf 77' lang='lat' dir='ltr'><strong>cipiunt:</strong></span> <span class='ocrx_word' id='word_1_31' title='bbox 642 1195 714 1269; x_wconf 94' lang='lat' dir='ltr'><strong>hae</strong></span> <span class='ocrx_word' id='word_1_32' title='bbox 734 1200 864 1269; x_wconf 87' lang='lat' dir='ltr'><strong>cuneta</strong></span> <span class='ocrx_word' id='word_1_33' title='bbox 883 1193 929 1269; x_wconf 91' lang='lat' dir='ltr'><strong>de</strong></span> <span class='ocrx_word' id='word_1_34' title='bbox 957 1193 1016 1267; x_wconf 92' lang='lat' dir='ltr'><strong>his</strong></span> <span class='ocrx_word' id='word_1_35' title='bbox 1036 1193 1187 1267; x_wconf 89' lang='lat' dir='ltr'><strong>decreta</strong></span> <span class='ocrx_word' id='word_1_36' title='bbox 1205 1193 1399 1288; x_wconf 82' lang='lat' dir='ltr'><strong>angustius</strong></span> <span class='ocrx_word' id='word_1_37' title='bbox 1418 1191 1597 1267; x_wconf 88' lang='lat' dir='ltr'><strong>determi-</strong></span> 
     </span>
     <span class='ocr_line' id='line_1_7' title="bbox 462 1317 1594 1416; baseline -0.004 -19"><span class='ocrx_word' id='word_1_38' title='bbox 462 1328 561 1414; x_wconf 88' lang='lat' dir='ltr'><strong>nant,</strong></span> <span class='ocrx_word' id='word_1_39' title='bbox 591 1318 702 1395; x_wconf 85' lang='lat' dir='ltr'><strong>acad</strong></span> <span class='ocrx_word' id='word_1_40' title='bbox 730 1317 947 1394; x_wconf 84' lang='lat' dir='ltr'><strong>societatem</strong></span> <span class='ocrx_word' id='word_1_41' title='bbox 981 1319 1131 1416; x_wconf 84' lang='lat' dir='ltr'><strong>generis</strong></span> <span class='ocrx_word' id='word_1_42' title='bbox 1159 1317 1309 1394; x_wconf 81' lang='lat' dir='ltr'><strong>humani</strong></span> <span class='ocrx_word' id='word_1_43' title='bbox 1335 1317 1511 1403; x_wconf 79' lang='lat' dir='ltr'><strong>referunt,</strong></span> <span class='ocrx_word' id='word_1_44' title='bbox 1551 1326 1594 1392; x_wconf 87' lang='lat' dir='ltr'><strong>et</strong></span> 
     </span>
     <span class='ocr_line' id='line_1_8' title="bbox 462 1443 1596 1544; baseline -0.007 -20"><span class='ocrx_word' id='word_1_45' title='bbox 462 1456 537 1524; x_wconf 88' lang='lat' dir='ltr'><strong>tam</strong></span> <span class='ocrx_word' id='word_1_46' title='bbox 558 1446 757 1524; x_wconf 89' lang='lat' dir='ltr'><strong>virtutihus</strong></span> <span class='ocrx_word' id='word_1_47' title='bbox 778 1447 944 1544; x_wconf 90' lang='lat' dir='ltr'><strong>praemia</strong></span> <span class='ocrx_word' id='word_1_48' title='bbox 962 1453 1182 1544; x_wconf 89' lang='lat' dir='ltr'><strong>proponunt,</strong></span> <span class='ocrx_word' id='word_1_49' title='bbox 1210 1469 1318 1544; x_wconf 88' lang='lat' dir='ltr'><strong>quam</strong></span> <span class='ocrx_word' id='word_1_50' title='bbox 1338 1445 1491 1521; x_wconf 89' lang='lat' dir='ltr'><strong>delectis</strong></span> <span class='ocrx_word' id='word_1_51' title='bbox 1511 1443 1596 1542; x_wconf 89' lang='lat' dir='ltr'><strong>qui·</strong></span> 
     </span>
     <span class='ocr_line' id='line_1_9' title="bbox 463 1569 1595 1671; baseline -0.004 -22"><span class='ocrx_word' id='word_1_52' title='bbox 463 1573 592 1650; x_wconf 87' lang='lat' dir='ltr'><strong>husvis</strong></span> <span class='ocrx_word' id='word_1_53' title='bbox 621 1579 744 1647; x_wconf 85' lang='lat' dir='ltr'><strong>certas</strong></span> <span class='ocrx_word' id='word_1_54' title='bbox 774 1569 980 1670; x_wconf 80' lang='lat' dir='ltr'><strong>civilesque</strong></span> <span class='ocrx_word' id='word_1_55' title='bbox 1006 1594 1149 1671; x_wconf 87' lang='lat' dir='ltr'><strong>poenas</strong></span> <span class='ocrx_word' id='word_1_56' title='bbox 1177 1571 1356 1667; x_wconf 78' lang='lat' dir='ltr'><strong>irrogant.</strong></span> <span class='ocrx_word' id='word_1_57' title='bbox 1395 1571 1485 1647; x_wconf 91' lang='lat' dir='ltr'><strong>Inde</strong></span> <span class='ocrx_word' id='word_1_58' title='bbox 1515 1593 1595 1645; x_wconf 91' lang='lat' dir='ltr'><strong>non</strong></span> 
     </span>
     <span class='ocr_line' id='line_1_10' title="bbox 462 1698 1596 1798; baseline -0.001 -24"><span class='ocrx_word' id='word_1_59' title='bbox 462 1700 613 1776; x_wconf 85' lang='lat' dir='ltr'><strong>inutiles</strong></span> <span class='ocrx_word' id='word_1_60' title='bbox 634 1699 680 1776; x_wconf 89' lang='lat' dir='ltr'><strong>de</strong></span> <span class='ocrx_word' id='word_1_61' title='bbox 699 1700 841 1776; x_wconf 90' lang='lat' dir='ltr'><strong>iuribus</strong></span> <span class='ocrx_word' id='word_1_62' title='bbox 861 1700 1106 1798; x_wconf 91' lang='lat' dir='ltr'><strong>quarumlibet</strong></span> <span class='ocrx_word' id='word_1_63' title='bbox 1114 1721 1366 1798; x_wconf 87' lang='lat' dir='ltr'><strong>personarum,</strong></span> <span class='ocrx_word' id='word_1_64' title='bbox 1386 1698 1430 1774; x_wconf 92' lang='lat' dir='ltr'><strong>de</strong></span> <span class='ocrx_word' id='word_1_65' title='bbox 1449 1699 1596 1790; x_wconf 88' lang='lat' dir='ltr'><strong>tutelis,</strong></span> 
     </span>
     <span class='ocr_line' id='line_1_11' title="bbox 464 1823 1596 1921; baseline -0.001 -20"><span class='ocrx_word' id='word_1_66' title='bbox 464 1826 509 1901; x_wconf 92' lang='lat' dir='ltr'><strong>de</strong></span> <span class='ocrx_word' id='word_1_67' title='bbox 524 1826 767 1918; x_wconf 82' lang='lat' dir='ltr'><strong>testamentis,</strong></span> <span class='ocrx_word' id='word_1_68' title='bbox 779 1827 824 1902; x_wconf 93' lang='grc'><strong>(16</strong></span> <span class='ocrx_word' id='word_1_69' title='bbox 835 1824 1143 1917; x_wconf 87' lang='lat' dir='ltr'><strong>haereditatibus,</strong></span> <span class='ocrx_word' id='word_1_70' title='bbox 1163 1824 1208 1899; x_wconf 93' lang='lat' dir='ltr'><strong>de</strong></span> <span class='ocrx_word' id='word_1_71' title='bbox 1219 1823 1521 1921; x_wconf 87' lang='lat' dir='ltr'><strong>obligationibus,</strong></span> <span class='ocrx_word' id='word_1_72' title='bbox 1543 1825 1596 1900; x_wconf 91' lang='lat' dir='ltr'><strong>de</strong></span> 
     </span>
     <span class='ocr_line' id='line_1_12' title="bbox 463 1950 1593 2048; baseline -0.001 -22"><span class='ocrx_word' id='word_1_73' title='bbox 463 1951 680 2044; x_wconf 87' lang='lat' dir='ltr'><strong>homicidiis,</strong></span> <span class='ocrx_word' id='word_1_74' title='bbox 702 1951 747 2027; x_wconf 97' lang='grc'><strong>(16</strong></span> <span class='ocrx_word' id='word_1_75' title='bbox 768 1950 970 2042; x_wconf 79' lang='lat' dir='ltr'><strong>adulteriis,</strong></span> <span class='ocrx_word' id='word_1_76' title='bbox 995 1951 1040 2025; x_wconf 91' lang='grc'><strong>(16</strong></span> <span class='ocrx_word' id='word_1_77' title='bbox 1059 1951 1180 2046; x_wconf 79' lang='lat' dir='ltr'><strong>furtis,</strong></span> <span class='ocrx_word' id='word_1_78' title='bbox 1199 1950 1245 2025; x_wconf 89' lang='lat' dir='ltr'><strong>de</strong></span> <span class='ocrx_word' id='word_1_79' title='bbox 1263 1951 1374 2046; x_wconf 85' lang='lat' dir='ltr'><strong>falso,</strong></span> <span class='ocrx_word' id='word_1_80' title='bbox 1393 1950 1438 2025; x_wconf 87' lang='lat' dir='ltr'><strong>de</strong></span> <span class='ocrx_word' id='word_1_81' title='bbox 1457 1951 1494 2025; x_wconf 88' lang='lat' dir='ltr'><strong>vi</strong></span> <span class='ocrx_word' id='word_1_82' title='bbox 1512 1951 1593 2048; x_wconf 89' lang='lat' dir='ltr'><strong>pri·</strong></span> 
     </span>
     <span class='ocr_line' id='line_1_13' title="bbox 466 2075 1594 2177; baseline -0.004 -23"><span class='ocrx_word' id='word_1_83' title='bbox 466 2087 553 2155; x_wconf 88' lang='lat' dir='ltr'><strong>vata</strong></span> <span class='ocrx_word' id='word_1_84' title='bbox 573 2105 618 2156; x_wconf 92' lang='lat' dir='ltr'><strong>ac</strong></span> <span class='ocrx_word' id='word_1_85' title='bbox 635 2078 796 2177; x_wconf 89' lang='lat' dir='ltr'><strong>publica,</strong></span> <span class='ocrx_word' id='word_1_86' title='bbox 817 2078 862 2153; x_wconf 90' lang='lat' dir='ltr'><strong>de</strong></span> <span class='ocrx_word' id='word_1_87' title='bbox 882 2080 1064 2177; x_wconf 87' lang='lat' dir='ltr'><strong>peculatu,</strong></span> <span class='ocrx_word' id='word_1_88' title='bbox 1085 2077 1130 2151; x_wconf 91' lang='grc'><strong>(16</strong></span> <span class='ocrx_word' id='word_1_89' title='bbox 1150 2077 1287 2175; x_wconf 83' lang='lat' dir='ltr'><strong>plagio,</strong></span> <span class='ocrx_word' id='word_1_90' title='bbox 1307 2077 1353 2152; x_wconf 94' lang='lat' dir='ltr'><strong>de</strong></span> <span class='ocrx_word' id='word_1_91' title='bbox 1372 2077 1521 2166; x_wconf 86' lang='lat' dir='ltr'><strong>ambitu,</strong></span> <span class='ocrx_word' id='word_1_92' title='bbox 1541 2075 1594 2151; x_wconf 91' lang='grc'><strong>(16</strong></span> 
     </span>
     <span class='ocr_line' id='line_1_14' title="bbox 464 2203 1594 2317; baseline -0.004 -34"><span class='ocrx_word' id='word_1_93' title='bbox 464 2207 561 2283; x_wconf 91' lang='lat' dir='ltr'><strong>omni</strong></span> <span class='ocrx_word' id='word_1_94' title='bbox 582 2205 799 2282; x_wconf 81' lang='lat' dir='ltr'><strong>stellionatu</strong></span> <span class='ocrx_word' id='word_1_95' title='bbox 836 2227 1009 2280; x_wconf 89' lang='lat' dir='ltr'><strong>eorumve</strong></span> <span class='ocrx_word' id='word_1_96' title='bbox 1036 2203 1168 2303; x_wconf 91' lang='lat' dir='ltr'><strong>poenis</strong></span> <span class='ocrx_word' id='word_1_97' title='bbox 1188 2203 1376 2317; x_wconf 77' lang='lat' dir='ltr'><strong>doctrinae</strong></span> <span class='ocrx_word' id='word_1_98' title='bbox 1404 2204 1453 2279; x_wconf 89' lang='lat' dir='ltr'><strong>ad</strong></span> <span class='ocrx_word' id='word_1_99' title='bbox 1480 2226 1594 2302; x_wconf 87' lang='lat' dir='ltr'><strong>prae·</strong></span> 
     </span>
     <span class='ocr_line' id='line_1_15' title="bbox 464 2331 1594 2432; baseline -0.003 -23"><span class='ocrx_word' id='word_1_100' title='bbox 464 2335 641 2432; x_wconf 87' lang='lat' dir='ltr'><strong>scriptum</strong></span> <span class='ocrx_word' id='word_1_101' title='bbox 659 2333 757 2428; x_wconf 77' lang='lat' dir='ltr'><strong>legis</strong></span> <span class='ocrx_word' id='word_1_102' title='bbox 775 2339 931 2407; x_wconf 89' lang='lat' dir='ltr'><strong>naturae</strong></span> <span class='ocrx_word' id='word_1_103' title='bbox 951 2356 995 2405; x_wconf 92' lang='lat' dir='ltr'><strong>ac</strong></span> <span class='ocrx_word' id='word_1_104' title='bbox 1022 2331 1235 2427; x_wconf 80' lang='lat' dir='ltr'><strong>analogiam</strong></span> <span class='ocrx_word' id='word_1_105' title='bbox 1254 2352 1445 2406; x_wconf 85' lang='lat' dir='ltr'><strong>sacrarum</strong></span> <span class='ocrx_word' id='word_1_106' title='bbox 1464 2331 1594 2406; x_wconf 86' lang='lat' dir='ltr'><strong>litera·</strong></span> 
     </span>
     <span class='ocr_line' id='line_1_16' title="bbox 465 2457 1596 2538; baseline -0.006 0"><span class='ocrx_word' id='word_1_107' title='bbox 465 2486 544 2538; x_wconf 92' lang='lat' dir='ltr'><strong>rum</strong></span> <span class='ocrx_word' id='word_1_108' title='bbox 564 2485 587 2536; x_wconf 93' lang='lat' dir='ltr'><strong>a</strong></span> <span class='ocrx_word' id='word_1_109' title='bbox 608 2459 872 2534; x_wconf 85' lang='lat' dir='ltr'><strong>lurecousultis</strong></span> <span class='ocrx_word' id='word_1_110' title='bbox 901 2457 1142 2533; x_wconf 88' lang='lat' dir='ltr'><strong>concinnatae</strong></span> <span class='ocrx_word' id='word_1_111' title='bbox 1170 2468 1264 2534; x_wconf 86' lang='lat' dir='ltr'><strong>sunt.</strong></span> <span class='ocrx_word' id='word_1_112' title='bbox 1294 2459 1384 2534; x_wconf 87' lang='lat' dir='ltr'><strong>[nde</strong></span> <span class='ocrx_word' id='word_1_113' title='bbox 1404 2459 1513 2533; x_wconf 86' lang='lat' dir='ltr'><strong>etiarn</strong></span> <span class='ocrx_word' id='word_1_114' title='bbox 1533 2465 1596 2532; x_wconf 88' lang='lat' dir='ltr'><strong>tot</strong></span> 
     </span>
     <span class='ocr_line' id='line_1_17' title="bbox 464 2581 1591 2681; baseline -0.005 -17"><span class='ocrx_word' id='word_1_115' title='bbox 464 2613 564 2664; x_wconf 90' lang='grc'>111616</span> <span class='ocrx_word' id='word_1_116' title='bbox 593 2583 737 2660; x_wconf 83' lang='grc'>16111161</span> <span class='ocrx_word' id='word_1_117' title='bbox 766 2583 803 2658; x_wconf 95' lang='lat' dir='ltr'><strong>in</strong></span> <span class='ocrx_word' id='word_1_118' title='bbox 847 2582 965 2659; x_wconf 85' lang='lat' dir='ltr'><strong>Sacra</strong></span> <span class='ocrx_word' id='word_1_119' title='bbox 993 2586 1177 2681; x_wconf 88' lang='lat' dir='ltr'><strong>scriptura</strong></span> <span class='ocrx_word' id='word_1_120' title='bbox 1205 2584 1346 2675; x_wconf 90' lang='lat' dir='ltr'><strong>iudicis,</strong></span> <span class='ocrx_word' id='word_1_121' title='bbox 1374 2581 1591 2675; x_wconf 84' lang='lat' dir='ltr'><strong>tribunalis,</strong></span> 
     </span>
     <span class='ocr_line' id='line_1_18' title="bbox 463 2710 1591 2811; baseline -0.004 -22"><span class='ocrx_word' id='word_1_122' title='bbox 463 2714 551 2804; x_wconf 87' lang='lat' dir='ltr'><strong>litis,</strong></span> <span class='ocrx_word' id='word_1_123' title='bbox 572 2710 865 2811; x_wconf 87' lang='lat' dir='ltr'><strong>protestationis,</strong></span> <span class='ocrx_word' id='word_1_124' title='bbox 878 2712 1026 2802; x_wconf 90' lang='lat' dir='ltr'><strong>actoris,</strong></span> <span class='ocrx_word' id='word_1_125' title='bbox 1047 2711 1111 2798; x_wconf 89' lang='lat' dir='ltr'><strong>rei,</strong></span> <span class='ocrx_word' id='word_1_126' title='bbox 1133 2735 1270 2790; x_wconf 89' lang='lat' dir='ltr'><strong>causae</strong></span> <span class='ocrx_word' id='word_1_127' title='bbox 1291 2722 1328 2789; x_wconf 94' lang='lat' dir='ltr'><strong>et</strong></span> <span class='ocrx_word' id='word_1_128' title='bbox 1345 2735 1467 2788; x_wconf 86' lang='lat' dir='ltr'><strong>rarum</strong></span> <span class='ocrx_word' id='word_1_129' title='bbox 1486 2711 1591 2787; x_wconf 90' lang='lat' dir='ltr'><strong>simi·</strong></span> 
     </span>
     <span class='ocr_line' id='line_1_19' title="bbox 463 2837 1586 2939; baseline -0.003 -22"><span class='ocrx_word' id='word_1_130' title='bbox 463 2842 550 2917; x_wconf 91' lang='lat' dir='ltr'><strong>lium</strong></span> <span class='ocrx_word' id='word_1_131' title='bbox 570 2863 616 2916; x_wconf 86' lang='lat' dir='ltr'><strong>ex</strong></span> <span class='ocrx_word' id='word_1_132' title='bbox 631 2837 769 2914; x_wconf 92' lang='lat' dir='ltr'><strong>intimis</strong></span> <span class='ocrx_word' id='word_1_133' title='bbox 779 2837 1095 2937; x_wconf 89' lang='lat' dir='ltr'><strong>Iurisprudentiae</strong></span> <span class='ocrx_word' id='word_1_134' title='bbox 1105 2840 1312 2916; x_wconf 81' lang='lat' dir='ltr'><strong>visceribus</strong></span> <span class='ocrx_word' id='word_1_135' title='bbox 1334 2849 1586 2939; x_wconf 88' lang='lat' dir='ltr'><strong>transumpta·</strong></span> 
     </span>
     <span class='ocr_line' id='line_1_20' title="bbox 464 2965 1589 3065; baseline -0.001 -22"><span class='ocrx_word' id='word_1_136' title='bbox 464 2991 543 3043; x_wconf 92' lang='lat' dir='ltr'><strong>rum</strong></span> <span class='ocrx_word' id='word_1_137' title='bbox 562 2965 705 3042; x_wconf 89' lang='lat' dir='ltr'><strong>termini</strong></span> <span class='ocrx_word' id='word_1_138' title='bbox 734 2973 967 3063; x_wconf 88' lang='lat' dir='ltr'><strong>usurpantur.</strong></span> <span class='ocrx_word' id='word_1_139' title='bbox 997 2967 1124 3041; x_wconf 85' lang='lat' dir='ltr'><strong>Taceo</strong></span> <span class='ocrx_word' id='word_1_140' title='bbox 1154 2967 1199 3042; x_wconf 92' lang='grc'><strong>(16</strong></span> <span class='ocrx_word' id='word_1_141' title='bbox 1220 2969 1450 3065; x_wconf 81' lang='lat' dir='ltr'><strong>cognatione,</strong></span> <span class='ocrx_word' id='word_1_142' title='bbox 1472 2990 1589 3061; x_wconf 83' lang='lat' dir='ltr'><strong>agna·</strong></span> 
     </span>
     <span class='ocr_line' id='line_1_21' title="bbox 464 3092 1590 3191; baseline -0.002 -22"><span class='ocrx_word' id='word_1_143' title='bbox 464 3094 574 3188; x_wconf 88' lang='lat' dir='ltr'><strong>tione,</strong></span> <span class='ocrx_word' id='word_1_144' title='bbox 606 3092 797 3180; x_wconf 83' lang='grc'>6111611616,</span> <span class='ocrx_word' id='word_1_145' title='bbox 825 3093 1076 3191; x_wconf 86' lang='lat' dir='ltr'><strong>sponsalibus,</strong></span> <span class='ocrx_word' id='word_1_146' title='bbox 1113 3093 1261 3191; x_wconf 89' lang='lat' dir='ltr'><strong>nuptiis,</strong></span> <span class='ocrx_word' id='word_1_147' title='bbox 1291 3095 1448 3184; x_wconf 88' lang='lat' dir='ltr'><strong>dotibus,</strong></span> <span class='ocrx_word' id='word_1_148' title='bbox 1473 3093 1590 3167; x_wconf 90' lang='lat' dir='ltr'><strong>rebus</strong></span> 
     </span>
     <span class='ocr_line' id='line_1_22' title="bbox 466 3219 1589 3317; baseline 0.001 -24"><span class='ocrx_word' id='word_1_149' title='bbox 466 3219 684 3317; x_wconf 84' lang='lat' dir='ltr'><strong>parascrnis,</strong></span> <span class='ocrx_word' id='word_1_150' title='bbox 710 3219 890 3311; x_wconf 89' lang='lat' dir='ltr'><strong>divortiis,</strong></span> <span class='ocrx_word' id='word_1_151' title='bbox 929 3219 1061 3317; x_wconf 88' lang='lat' dir='ltr'><strong>poeuis</strong></span> <span class='ocrx_word' id='word_1_152' title='bbox 1080 3219 1263 3294; x_wconf 89' lang='lat' dir='ltr'><strong>inutilium</strong></span> <span class='ocrx_word' id='word_1_153' title='bbox 1289 3220 1589 3315; x_wconf 89' lang='lat' dir='ltr'><strong>incestarumque</strong></span> 
     </span>
     <span class='ocr_line' id='line_1_23' title="bbox 465 3343 1590 3442; baseline 0.003 -25"><span class='ocrx_word' id='word_1_154' title='bbox 465 3343 683 3442; x_wconf 86' lang='lat' dir='ltr'><strong>nuptiarum,</strong></span> <span class='ocrx_word' id='word_1_155' title='bbox 722 3347 997 3439; x_wconf 84' lang='lat' dir='ltr'><strong>adulteriorum,</strong></span> <span class='ocrx_word' id='word_1_156' title='bbox 1037 3355 1073 3421; x_wconf 91' lang='lat' dir='ltr'><strong>et</strong></span> <span class='ocrx_word' id='word_1_157' title='bbox 1110 3345 1293 3421; x_wconf 86' lang='lat' dir='ltr'><strong>similibus</strong></span> <span class='ocrx_word' id='word_1_158' title='bbox 1321 3345 1590 3422; x_wconf 87' lang='lat' dir='ltr'><strong>controversiis</strong></span> 
     </span>
     <span class='ocr_line' id='line_1_24' title="bbox 466 3468 1589 3568; baseline 0.002 -24"><span class='ocrx_word' id='word_1_159' title='bbox 466 3492 565 3544; x_wconf 90' lang='lat' dir='ltr'><strong>mere</strong></span> <span class='ocrx_word' id='word_1_160' title='bbox 584 3468 756 3554; x_wconf 88' lang='lat' dir='ltr'><strong>iuridicis,</strong></span> <span class='ocrx_word' id='word_1_161' title='bbox 777 3470 813 3544; x_wconf 91' lang='lat' dir='ltr'><strong>in</strong></span> <span class='ocrx_word' id='word_1_162' title='bbox 843 3471 976 3567; x_wconf 89' lang='lat' dir='ltr'><strong>quibus</strong></span> <span class='ocrx_word' id='word_1_163' title='bbox 1006 3471 1251 3567; x_wconf 84' lang='lat' dir='ltr'><strong>coguitionem</strong></span> <span class='ocrx_word' id='word_1_164' title='bbox 1275 3471 1365 3546; x_wconf 90' lang='lat' dir='ltr'><strong>iuris</strong></span> <span class='ocrx_word' id='word_1_165' title='bbox 1385 3471 1589 3568; x_wconf 82' lang='lat' dir='ltr'><strong>Theologo</strong></span> 
     </span>
     <span class='ocr_line' id='line_1_25' title="bbox 466 3595 1589 3694; baseline 0 -24"><span class='ocrx_word' id='word_1_166' title='bbox 466 3595 717 3670; x_wconf 86' lang='lat' dir='ltr'><strong>necessariam</strong></span> <span class='ocrx_word' id='word_1_167' title='bbox 735 3595 881 3670; x_wconf 91' lang='lat' dir='ltr'><strong>omnino</strong></span> <span class='ocrx_word' id='word_1_168' title='bbox 901 3619 986 3671; x_wconf 90' lang='lat' dir='ltr'><strong>esse</strong></span> <span class='ocrx_word' id='word_1_169' title='bbox 1005 3595 1137 3688; x_wconf 88' lang='lat' dir='ltr'><strong>iudico,</strong></span> <span class='ocrx_word' id='word_1_170' title='bbox 1158 3596 1254 3694; x_wconf 91' lang='lat' dir='ltr'><strong>quod</strong></span> <span class='ocrx_word' id='word_1_171' title='bbox 1268 3605 1390 3672; x_wconf 90' lang='grc'>1611161(</span> <span class='ocrx_word' id='word_1_172' title='bbox 1410 3599 1589 3693; x_wconf 76' lang='grc'>6666116-</span> 
     </span>
     <span class='ocr_line' id='line_1_26' title="bbox 466 3718 894 3800; baseline -0.012 -2"><span class='ocrx_word' id='word_1_173' title='bbox 466 3747 598 3800; x_wconf 90' lang='lat' dir='ltr'><strong>norum</strong></span> <span class='ocrx_word' id='word_1_174' title='bbox 618 3721 752 3796; x_wconf 89' lang='lat' dir='ltr'><strong>dictum</strong></span> <span class='ocrx_word' id='word_1_175' title='bbox 773 3718 894 3797; x_wconf 91' lang='lat' dir='ltr'><strong>velim.</strong></span> 
     </span>
    </p>

    <p class='ocr_par' dir='ltr' id='par_1_3' title="bbox 466 3849 1591 4836">
     <span class='ocr_line' id='line_1_27' title="bbox 573 3849 1588 3946; baseline 0.004 -23"><span class='ocrx_word' id='word_1_176' title='bbox 573 3849 652 3923; x_wconf 92' lang='lat' dir='ltr'><strong>Iam</strong></span> <span class='ocrx_word' id='word_1_177' title='bbox 674 3869 761 3922; x_wconf 86' lang='lat' dir='ltr'><strong>vero</strong></span> <span class='ocrx_word' id='word_1_178' title='bbox 782 3859 955 3944; x_wconf 89' lang='lat' dir='ltr'><strong>quantum</strong></span> <span class='ocrx_word' id='word_1_179' title='bbox 984 3849 1276 3946; x_wconf 87' lang='lat' dir='ltr'><strong>lurisprudentia</strong></span> <span class='ocrx_word' id='word_1_180' title='bbox 1304 3852 1483 3927; x_wconf 89' lang='lat' dir='ltr'><strong>conducat</strong></span> <span class='ocrx_word' id='word_1_181' title='bbox 1502 3853 1588 3928; x_wconf 91' lang='lat' dir='ltr'><strong>Phi-</strong></span> 
     </span>
     <span class='ocr_line' id='line_1_28' title="bbox 466 3973 1588 4074; baseline 0.003 -22"><span class='ocrx_word' id='word_1_182' title='bbox 466 3973 668 4074; x_wconf 86' lang='lat' dir='ltr'><strong>losophiae,</strong></span> <span class='ocrx_word' id='word_1_183' title='bbox 707 3981 744 4047; x_wconf 91' lang='lat' dir='ltr'><strong>et</strong></span> <span class='ocrx_word' id='word_1_184' title='bbox 772 3985 946 4070; x_wconf 88' lang='lat' dir='ltr'><strong>quantam</strong></span> <span class='ocrx_word' id='word_1_185' title='bbox 974 3998 1055 4052; x_wconf 90' lang='lat' dir='ltr'><strong>cum</strong></span> <span class='ocrx_word' id='word_1_186' title='bbox 1083 4001 1128 4051; x_wconf 90' lang='lat' dir='ltr'><strong>ea</strong></span> <span class='ocrx_word' id='word_1_187' title='bbox 1155 3977 1295 4053; x_wconf 88' lang='lat' dir='ltr'><strong>habeat</strong></span> <span class='ocrx_word' id='word_1_188' title='bbox 1330 3980 1588 4074; x_wconf 80' lang='lat' dir='ltr'><strong>cognationem</strong></span> 
     </span>
     <span class='ocr_line' id='line_1_29' title="bbox 467 4099 1589 4200; baseline 0.004 -25"><span class='ocrx_word' id='word_1_189' title='bbox 467 4102 527 4175; x_wconf 88' lang='lat' dir='ltr'><strong>vel</strong></span> <span class='ocrx_word' id='word_1_190' title='bbox 556 4125 602 4174; x_wconf 84' lang='lat' dir='ltr'><strong>ex</strong></span> <span class='ocrx_word' id='word_1_191' title='bbox 631 4122 674 4174; x_wconf 90' lang='lat' dir='ltr'><strong>eo</strong></span> <span class='ocrx_word' id='word_1_192' title='bbox 711 4105 825 4196; x_wconf 87' lang='lat' dir='ltr'><strong>patet,</strong></span> <span class='ocrx_word' id='word_1_193' title='bbox 864 4099 961 4196; x_wconf 90' lang='lat' dir='ltr'><strong>quod</strong></span> <span class='ocrx_word' id='word_1_194' title='bbox 985 4109 1141 4200; x_wconf 88' lang='lat' dir='ltr'><strong>utraque</strong></span> <span class='ocrx_word' id='word_1_195' title='bbox 1170 4105 1362 4180; x_wconf 86' lang='lat' dir='ltr'><strong>verissime</strong></span> <span class='ocrx_word' id='word_1_196' title='bbox 1392 4105 1589 4180; x_wconf 87' lang='lat' dir='ltr'><strong>definiatur</strong></span> 
     </span>
     <span class='ocr_line' id='line_1_30' title="bbox 467 4223 1587 4330; baseline 0.008 -33"><span class='ocrx_word' id='word_1_197' title='bbox 467 4225 628 4322; x_wconf 83' lang='lat' dir='ltr'><strong>cognitio</strong></span> <span class='ocrx_word' id='word_1_198' title='bbox 656 4248 777 4300; x_wconf 91' lang='lat' dir='ltr'><strong>rerum</strong></span> <span class='ocrx_word' id='word_1_199' title='bbox 798 4223 1005 4300; x_wconf 89' lang='lat' dir='ltr'><strong>divinarum</strong></span> <span class='ocrx_word' id='word_1_200' title='bbox 1026 4235 1062 4301; x_wconf 90' lang='grc'><strong>61</strong></span> <span class='ocrx_word' id='word_1_201' title='bbox 1080 4227 1328 4307; x_wconf 85' lang='lat' dir='ltr'><strong>humanarum.</strong></span> <span class='ocrx_word' id='word_1_202' title='bbox 1368 4255 1413 4306; x_wconf 88' lang='grc'><strong>66</strong></span> <span class='ocrx_word' id='word_1_203' title='bbox 1431 4232 1587 4330; x_wconf 89' lang='lat' dir='ltr'><strong>proinde</strong></span> 
     </span>
     <span class='ocr_line' id='line_1_31' title="bbox 469 4351 1588 4458; baseline 0.01 -34"><span class='ocrx_word' id='word_1_204' title='bbox 469 4375 540 4424; x_wconf 96' lang='lat' dir='ltr'><strong>non</strong></span> <span class='ocrx_word' id='word_1_205' title='bbox 560 4351 739 4426; x_wconf 89' lang='lat' dir='ltr'><strong>immerito</strong></span> <span class='ocrx_word' id='word_1_206' title='bbox 760 4376 805 4428; x_wconf 90' lang='grc'><strong>66</strong></span> <span class='ocrx_word' id='word_1_207' title='bbox 825 4375 914 4429; x_wconf 81' lang='lat' dir='ltr'><strong>vera</strong></span> <span class='ocrx_word' id='word_1_208' title='bbox 933 4355 1068 4428; x_wconf 82' lang='grc'>’6611611</span> <span class='ocrx_word' id='word_1_209' title='bbox 1088 4356 1260 4432; x_wconf 90' lang='lat' dir='ltr'><strong>simulata</strong></span> <span class='ocrx_word' id='word_1_210' title='bbox 1287 4359 1521 4458; x_wconf 86' lang='lat' dir='ltr'><strong>philosophia</strong></span> <span class='ocrx_word' id='word_1_211' title='bbox 1539 4361 1588 4435; x_wconf 84' lang='lat' dir='ltr'><strong>ab</strong></span> 
     </span>
     <span class='ocr_line' id='line_1_32' title="bbox 468 4479 1589 4586; baseline 0.01 -35"><span class='ocrx_word' id='word_1_212' title='bbox 468 4479 690 4575; x_wconf 86' lang='lat' dir='ltr'><strong>imperatore</strong></span> <span class='ocrx_word' id='word_1_213' title='bbox 738 4481 957 4580; x_wconf 88' lang='lat' dir='ltr'><strong>appelletur.</strong></span> <span class='ocrx_word' id='word_1_214' title='bbox 1005 4481 1112 4574; x_wconf 86' lang='lat' dir='ltr'><strong>Quod</strong></span> <span class='ocrx_word' id='word_1_215' title='bbox 1158 4484 1252 4558; x_wconf 87' lang='lat' dir='ltr'><strong>enim</strong></span> <span class='ocrx_word' id='word_1_216' title='bbox 1299 4485 1519 4586; x_wconf 89' lang='lat' dir='ltr'><strong>Philosophi</strong></span> <span class='ocrx_word' id='word_1_217' title='bbox 1551 4488 1589 4562; x_wconf 94' lang='lat' dir='ltr'><strong>in</strong></span> 
     </span>
     <span class='ocr_line' id='line_1_33' title="bbox 469 4607 1591 4710; baseline 0.012 -32"><span class='ocrx_word' id='word_1_218' title='bbox 469 4607 599 4679; x_wconf 89' lang='lat' dir='ltr'><strong>umbra</strong></span> <span class='ocrx_word' id='word_1_219' title='bbox 618 4629 662 4681; x_wconf 90' lang='lat' dir='ltr'><strong>ao</strong></span> <span class='ocrx_word' id='word_1_220' title='bbox 681 4607 755 4680; x_wconf 89' lang='lat' dir='ltr'><strong>otio</strong></span> <span class='ocrx_word' id='word_1_221' title='bbox 776 4609 821 4683; x_wconf 89' lang='lat' dir='ltr'><strong>de</strong></span> <span class='ocrx_word' id='word_1_222' title='bbox 832 4611 996 4685; x_wconf 87' lang='lat' dir='ltr'><strong>moribus</strong></span> <span class='ocrx_word' id='word_1_223' title='bbox 1016 4610 1209 4702; x_wconf 91' lang='lat' dir='ltr'><strong>hominum,</strong></span> <span class='ocrx_word' id='word_1_224' title='bbox 1229 4613 1273 4689; x_wconf 94' lang='lat' dir='ltr'><strong>de</strong></span> <span class='ocrx_word' id='word_1_225' title='bbox 1293 4615 1449 4710; x_wconf 79' lang='lat' dir='ltr'><strong>legibus,</strong></span> <span class='ocrx_word' id='word_1_226' title='bbox 1469 4615 1515 4690; x_wconf 89' lang='lat' dir='ltr'><strong>de</strong></span> <span class='ocrx_word' id='word_1_227' title='bbox 1534 4639 1591 4691; x_wconf 90' lang='lat' dir='ltr'><strong>re-</strong></span> 
     </span>
     <span class='ocr_line' id='line_1_34' title="bbox 468 4732 1591 4836; baseline 0.01 -31"><span class='ocrx_word' id='word_1_228' title='bbox 468 4732 626 4831; x_wconf 88' lang='lat' dir='ltr'><strong>publica,</strong></span> <span class='ocrx_word' id='word_1_229' title='bbox 657 4733 701 4807; x_wconf 92' lang='lat' dir='ltr'><strong>de</strong></span> <span class='ocrx_word' id='word_1_230' title='bbox 732 4737 944 4812; x_wconf 88' lang='lat' dir='ltr'><strong>oeconomia</strong></span> <span class='ocrx_word' id='word_1_231' title='bbox 971 4737 1158 4836; x_wconf 90' lang='lat' dir='ltr'><strong>disputant</strong></span> <span class='ocrx_word' id='word_1_232' title='bbox 1174 4767 1182 4811; x_wconf 93' lang='lat'>:</span> <span class='ocrx_word' id='word_1_233' title='bbox 1201 4739 1239 4814; x_wconf 94' lang='lat' dir='ltr'><strong>id</strong></span> <span class='ocrx_word' id='word_1_234' title='bbox 1267 4741 1524 4818; x_wconf 88' lang='lat' dir='ltr'><strong>Iurisconsulti</strong></span> <span class='ocrx_word' id='word_1_235' title='bbox 1551 4740 1591 4816; x_wconf 91' lang='lat' dir='ltr'><strong>iu</strong></span> 
     </span>
    </p>
   </div>
   <div class='ocr_carea' id='block_1_3' title="bbox 0 0 1826 5534">
    <p class='ocr_par' dir='ltr' id='par_1_4' title="bbox 0 0 1826 5534">
     <span class='ocr_line' id='line_1_35' title="bbox 0 0 1826 5534; baseline 0 0"><span class='ocrx_word' id='word_1_236' title='bbox 0 0 1826 5534; x_wconf 95' lang='lat' dir='ltr'><strong> </strong></span> 
     </span>
    </p>
   </div>
  </div>
 </body>
</html>
