3625 5534
391 461 440 510 ue
459 461 540 513 sss.
559 459 643 513 vno.
665 461 747 511 oue.
769 461 804 513 x.
823 481 876 490 -—
896 463 1112 512 russonum.
1295 442 1320 516 5

211 637 339 726 nitatis,
359 659 427 728 ne,
447 636 480 710 si
498 637 595 710 sorte
615 633 804 734 quippiam
821 636 1036 733 imprudens
1055 638 1236 714 historiae
1255 640 1319 714 im-

212 764 405 858 seruissem,
425 764 524 861 quod
542 770 642 837 tuam
663 761 913 861 Prineipalem
933 764 1169 839 Maiestatem
1188 765 1319 840 merito

211 890 376 989 potuisset
395 877 592 982 offendere,
605 889 949 988 praesentissimum
959 891 1092 989 eapitis
1112 891 1321 984 discrimen,

212 1025 259 1108 et,
277 1015 357 1091 dum
374 1014 555 1112 gratiam,
581 1022 692 1112 atque
711 1015 943 1090 elementiam
962 1014 1183 1091 Serenitatis
1213 1018 1321 1092 Tuae

212 1149 315 1240 eapto,
333 1142 537 1240 perieulum
565 1141 654 1215 mihi
673 1163 850 1216 crearem.
880 1140 987 1234 Quae
1006 1143 1174 1239 quamvis
1195 1166 1252 1218 me
1271 1144 1320 1218 ab

212 1268 271 1344 boe
286 1269 440 1366 incepto,
460 1289 534 1343 non
552 1275 693 1343 temere
721 1269 935 1343 absterrere
953 1269 1180 1367 potuissent,
1210 1271 1322 1344 omni-

212 1395 271 1468 bus
287 1401 407 1468 amen
425 1394 501 1468 illis
521 1393 791 1492 impedimentis
810 1393 1049 1492 posthabitis,
1069 1401 1223 1468 conatus
1240 1418 1321 1470 sum

213 1519 325 1594 iuliae
352 1519 494 1594 deeima
521 1543 684 1595 meorum
705 1516 1059 1596 Commentariorum
1083 1521 1236 1595 Deoade
1259 1543 1322 1596 res

213 1653 326 1741 gestas
344 1645 503 1744 proximi
521 1646 669 1721 triennii
689 1647 847 1722 maxime
866 1647 1126 1722 memorabiles
1146 1647 1321 1740 breviter,

213 1794 250 1846 ee
266 1779 433 1868 quantum
462 1773 613 1871 assequi
631 1772 754 1870 potui,
783 1773 978 1849 verissime
1006 1774 1209 1871 eompleeti.
1242 1772 1323 1846 Pri·
1402 1809 1407 1816 ·

214 1919 296 1971 mum
314 1897 478 1995 quidem,
497 1907 538 1975 ut
557 1898 795 1974 admirandas
820 1899 895 1975 Dei
915 1897 1058 1997 Optimi
1076 1899 1230 1973 Maximi
1249 1921 1322 1991 res,

215 2047 297 2122 quae
313 2025 439 2122 pausis
458 2023 561 2100 hisee
581 2026 687 2101 anuis
708 2027 960 2123 contigerunt,
981 2025 1152 2123 iustaque
1172 2025 1252 2099 eius
1270 2026 1324 2100 in-

215 2151 316 2242 ditia,
343 2173 437 2248 quae
465 2151 502 2225 in
522 2153 657 2227 multos
687 2154 863 2229 mortales
893 2151 1079 2242 exereuit,
1109 2149 1323 2249 posteritati

215 2275 392 2351 traderem.
424 2274 589 2368 Deinde,
609 2284 649 2352 ut
667 2277 834 2352 historiis
854 2277 1007 2352 Patriae
1026 2299 1095 2375 pro
1114 2299 1197 2350 mea
1215 2283 1322 2374 parte

215 2402 317 2494 virili,
336 2410 372 2477 et
391 2425 464 2499 ego
484 2403 733 2496 sereniorem,
762 2426 832 2478 nee
855 2411 980 2478 tantas
1006 2410 1159 2478 nostrae
1188 2401 1324 2477 aetatis

216 2551 266 2602 res
283 2528 468 2626 perpetuis
487 2527 713 2604 oblivionum
731 2529 897 2603 tenebris
916 2528 1071 2621 involvi,
1092 2527 1324 2626 quantumin

216 2677 263 2728 me
280 2655 384 2730 sitnm
404 2661 525 2746 esset,
545 2654 733 2730 desidiose
750 2661 913 2753 paterer.
934 2654 1120 2752 Imprimis
1141 2677 1230 2729 vero
1252 2652 1327 2728 An·

107 2825 108 2832 1
216 2787 363 2872 msam,
384 2779 720 2877 venerabilemque
739 2787 826 2854 tuae
845 2777 1068 2854 Serenitatis
1086 2780 1243 2870 famam,
1273 2786 1326 2854 at-

218 2927 277 3001 que
294 2906 450 3002 gloriam
464 2928 536 2981 non
555 2905 675 2981 solum
695 2906 791 3005 apud
814 2907 1038 2982 domesticos
1057 2905 1237 3005 populos,
1258 2905 1326 2980 aed

218 3032 312 3106 eliam
330 3031 429 3131 apud
448 3040 633 3122 externos,
655 3033 852 3108 verissima
862 3056 984 3108 rerum
1004 3040 1194 3129 gestarum
1213 3032 1327 3107 histo-

217 3153 370 3236 deinter
389 3161 495 3258 ipsos
513 3159 797 3257 promulganda,
814 3167 945 3236 eontra
967 3159 1172 3234 malevolos
1191 3165 1326 3249 tuerer,

218 3291 314 3380 atque
339 3285 583 3388 defenderem.
614 3285 699 3360 Non
720 3286 814 3360 enim
843 3293 934 3383 puto
953 3283 1200 3359 Serenitatem
1227 3291 1328 3358 tuam

217 3405 338 3504 latere,
367 3435 477 3510 quam
495 3411 598 3486 multi
627 3412 824 3500 mortales,
854 3412 926 3486 hae
944 3409 1140 3506 tragoedia
1167 3408 1328 3507 penitius

218 3561 281 3613 uon
298 3537 497 3628 intellecta,
518 3535 707 3612 sinistrum
727 3537 773 3611 de
793 3538 887 3611 aetis
908 3534 1130 3612 serenitatis
1151 3537 1258 3610 Tuae
1277 3535 1329 3610 iu-

222 3663 335 3737 dioium
352 3663 475 3753 ferre,
495 3661 791 3760 virulentasque,
816 3662 1038 3763 praesertim
1058 3661 1096 3735 in
1116 3660 1254 3735 exteris
1272 3683 1331 3734 re-

222 3789 376 3884 gionibus
403 3810 596 3865 sermones
624 3810 806 3887 spargere
830 3815 904 3865 non
923 3795 1134 3864 vereantur.
1164 3786 1236 3859 His
1256 3809 1332 3859 ma·

223 3913 404 3990 ledieorum
435 3914 577 3990 vooulis
608 3915 788 4010 quomodo
818 3915 967 3990 obviarn
994 3915 1065 4004 iri,
1106 3935 1243 4009 oraque
1273 3933 1332 3984 eo-

224 4061 290 4113 rum
307 4039 471 4116 obturari
498 4045 675 4138 possent,
704 4031 873 4138 equidem
894 4063 967 4114 non
996 4038 1126 4129 video,
1155 4059 1265 4133 quam
1292 4043 1333 4110 nt

224 4165 401 4242 renssima
434 4187 556 4242 rerum
590 4173 780 4261 gestarum
813 4165 972 4267 historia
1005 4165 1044 4238 in
1070 4165 1189 4238 lueem
1223 4160 1332 4253 edita,

224 4289 375 4391 iustaque
394 4290 584 4389 Apologia
602 4291 849 4390 promulgata,
869 4294 1022 4384 lamam,
1042 4289 1333 4384 dignitatemque

225 4436 330 4511 soem,
349 4417 542 4495 Serenitas
570 4419 656 4494 Tua
684 4421 795 4495 etiam
822 4421 860 4495 in
880 4418 1089 4518 peregrinis
1118 4415 1334 4512 regionibus

227 4543 315 4618 orbis
340 4542 561 4638 Christiani,
593 4545 704 4641 longe
736 4548 886 4644 lateque
915 4554 1072 4620 tueatur.
1107 4543 1189 4618 Nee
1216 4543 1333 4615 solum

229 4664 312 4744 bauo
327 4671 533 4748 Historiam
551 4672 748 4748 vermsime
767 4672 993 4768 descriptam
1013 4694 1158 4764 eorum,
1189 4668 1251 4765 qui
1270 4666 1333 4742 ad-
