3625 5534
492 523 542 574 nn
559 522 641 574 aas.
659 520 746 574 vso.
766 522 849 576 nnc.
868 525 902 575 x.
922 524 957 577 n.
976 525 1024 577 vr.
1261 503 1334 581 111

206 699 348 796 ingenti
367 721 448 774 cum
467 697 653 793 Principis
682 721 726 771 ac
744 698 922 775 bonorum
943 700 1102 775 omnium
1123 700 1250 778 dolore
1260 703 1336 777 fac·

201 835 275 900 tum
295 833 383 901 tunc
401 825 480 916 fuit,
500 830 539 898 ut
567 823 730 910 barbari,
749 823 917 920 Vngaris
932 850 1001 901 nec
1020 827 1266 923 opinantibus,
1289 853 1335 904 ex

201 950 403 1048 improuiso
423 949 718 1047 supervenerint.
738 950 993 1027 Nunciaverat
1020 952 1168 1027 tandem
1197 955 1335 1028 Korni-

206 1078 283 1152 sius
311 1075 503 1175 Stephano
535 1073 722 1150 Bathoreo
759 1101 828 1174 per
856 1077 1072 1152 celerrimos
1100 1078 1330 1174 tabellarios,

201 1213 238 1279 ut
265 1204 442 1302 quoniam
468 1201 677 1300 proditioue
704 1204 960 1279 nonnullorum
989 1202 1143 1279 Tartari
1170 1204 1206 1278 in
1236 1206 1331 1281 fines

203 1321 395 1427 Vngariae
414 1327 634 1420 evasissent,
653 1336 796 1404 mature
820 1329 903 1422 sibi
924 1353 968 1406 ao
987 1330 1076 1422 suis,
1095 1353 1142 1404 ne
1160 1330 1334 1429 imparati

206 1455 403 1532 arabiosa
434 1460 546 1549 gente
565 1452 869 1552 opprimerentur,
908 1454 1154 1530 consulerent.
1193 1457 1334 1533 Iseum

202 1607 273 1659 non
300 1582 444 1681 pridem
473 1583 595 1655 soluta
623 1580 817 1656 obsidione
844 1580 1112 1674 Hatvauiensi,
1150 1604 1224 1657 uua
1251 1599 1359 1659 cum'

203 1711 286 1786 aliis
305 1707 525 1806 proceribus
545 1707 757 1796 exercitum,
778 1730 886 1803 quem
906 1708 1100 1797 habuerat,
1120 1709 1333 1800 dimisisset,

203 1838 355 1934 ignarus
382 1835 420 1908 in
448 1841 551 1908 tauta
579 1833 757 1932 temporis
785 1834 971 1929 angustia,
1002 1833 1090 1931 quid
1116 1835 1217 1910 facto
1237 1858 1331 1933 opus

203 1971 312 2056 esset,
333 1959 502 2036 collectis
520 1968 643 2034 tamen
661 1959 897 2057 undiquaque
927 1960 1119 2035 subitariis
1147 1961 1276 2062 copiis,
1297 1967 1334 2034 et

204 2089 411 2188 praemisso
430 2086 478 2161 ad
496 2086 746 2184 explorandas
764 2085 926 2160 hostium
954 2087 1064 2177 vires,
1087 2087 1329 2162 accersenda·

205 2241 273 2314 que
292 2239 341 2289 ex
360 2211 565 2310 composito
584 2211 870 2292 ,Varadieusium
890 2209 1016 2298 arilia,
1039 2211 1241 2285 Francisco
1260 2210 1333 2285 Ba-

205 2340 332 2436 laesio,
350 2339 483 2413 iuvene
501 2337 574 2410 iam
593 2336 630 2410 in
650 2334 781 2409 militia
801 2335 1131 2426 exercitatissimo,
1160 2335 1334 2411 barbaris

207 2467 350 2544 omnino
370 2485 564 2539 occurrere
583 2459 724 2536 statuit.
763 2461 960 2536 Balassius
987 2462 1136 2535 excelso
1156 2460 1333 2535 animuin

206 2603 465 2670 antecursores
484 2590 739 2676 Tartarorum,
759 2609 840 2661 cum
860 2586 938 2661 suis
957 2565 1135 2678 invectus,
1164 2608 1245 2661 eum
1265 2610 1333 2662 nee
1415 2629 1419 2640 ·

209 2722 399 2796 thoracem
435 2738 505 2790 nec
546 2715 693 2811 galeam
736 2713 904 2803 haberet,
934 2736 957 2786 a
984 2712 1158 2787 barbaris
1183 2714 1333 2788 circum-

206 2855 346 2938 ventus,
365 2867 411 2917 ac
430 2840 564 2916 nimbis
582 2840 804 2936 sagittarum
824 2839 1028 2925 confectus,
1049 2862 1184 2934 magno
1205 2839 1262 2912 sui
1274 2837 1333 2912 de-

205 2971 340 3048 siderio
369 2964 468 3065 apud
487 2987 613 3039 omnes
633 2960 764 3038 relicto
791 2962 942 3055 interiit,
963 2985 1008 3037 ac
1022 2963 1084 3035 vix
1104 2984 1240 3060 corpus
1252 2963 1331 3036 eins

206 3098 324 3174 asnis
344 3092 532 3192 asportari
546 3090 676 3188 potuit.
697 3087 782 3180 Qua
796 3088 1008 3184 recognita,
1027 3085 1331 3183 multitudineque

205 3224 363 3299 hostium
391 3218 670 3310 animadversa,
701 3215 913 3314 Stephanus
941 3237 1086 3312 quoque
1112 3211 1331 3306 Bathoreus,

204 3375 272 3426 non
293 3345 570 3448 appellentibus
581 3343 773 3418 commodo
794 3350 963 3440 tempore
984 3339 1331 3437 trihuscataphrac·

205 3489 322 3554 tornm
339 3473 514 3564 millibus,
533 3492 627 3567 quos
647 3468 928 3544 'siffenbachius
960 3463 1146 3541 Oassovia
1165 3465 1237 3563 ipsi
1249 3466 1333 3541 snb·

205 3603 297 3677 sidio
316 3600 481 3689 miserat,
499 3598 624 3672 multis
642 3597 681 3670 id
700 3595 954 3684 suadentibus,
983 3615 1055 3667 non
1080 3591 1184 3666 duxit
1202 3612 1329 3666 neees-

204 3729 353 3818 sarium,
371 3733 510 3800 temere
538 3745 580 3797 se
608 3722 683 3798 illis
712 3722 883 3796 obiicere.
911 3720 972 3793 Ita
990 3717 1153 3802 barbari,
1171 3723 1226 3790 tot
1244 3738 1332 3811 gen·

203 3856 303 3948 tium,
322 3853 609 3947 Regnornmque
629 3848 866 3945 Principibus
880 3843 1016 3918 misere
1036 3840 1213 3938 deceptis,
1233 3840 1333 3914 Thu·

205 3981 320 4056 riuum
337 3977 470 4076 primo,
489 3973 621 4048 deiude
641 3973 797 4049 ulterius
825 3967 1032 4068 progressi,
1062 3963 1192 4040 Sinani
1213 3987 1253 4038 se
1272 3986 1331 4038 co-

203 4106 273 4203 piis
292 4104 571 4179 coniunxerunt.
