3625 5534
900 546 948 596 10.
967 545 1069 597 nucu
1087 543 1237 596 sssovu

803 878 977 955 CAPVT
1006 877 1264 971 QVINTVM.

498 1081 555 1154 De
578 1079 819 1152 Teutonorum
846 1077 1114 1172 bpbemctione.
1133 1076 1440 1152 Vorcdiueuec'ueu
1460 1075 1573 1152 clade.

578 1279 779 1373 Ingruente
798 1275 941 1374 hyeme,
962 1296 1058 1371 quae
1076 1279 1157 1348 tota
1174 1273 1298 1349 insani
1325 1275 1481 1372 frigoris
1507 1275 1597 1351 aeri·

472 1404 606 1494 monia,
634 1402 843 1497 niviumque
873 1399 1127 1495 magnitudine
1154 1423 1251 1497 pene
1280 1399 1448 1476 inaudita
1472 1400 1597 1476 desse·

473 1529 559 1623 viit;
580 1551 627 1602 ue
646 1527 878 1602 occasionem
897 1525 953 1600 rei
971 1527 1066 1601 bene
1085 1525 1276 1623 gerendae
1304 1525 1410 1601 taciti
1437 1534 1598 1624 praeter·

473 1654 618 1728 mittere
638 1653 869 1743 viderentur,
889 1649 1018 1727 Aaron
1037 1658 1150 1748 atque
1169 1651 1333 1726 Micbacl
1350 1674 1426 1726 non
1445 1652 1599 1748 exiguus

473 1787 628 1877 uterquc
647 1783 776 1879 copias
795 1787 1069 1871 contraxerunt,
1089 1787 1127 1854 et
1154 1779 1414 1857 §electissimis
1442 1803 1467 1853 a
1485 1777 1599 1874 Sigis-

474 1906 608 1984 muudo
627 1907 801 2005 Principe
819 1906 997 1981 militibus
1016 1905 1127 1998 aucti,
1145 1904 1303 1982 hostiles
1323 1907 1484 1982 ditiones
1503 1906 1600 1982 ferro

476 2045 513 2112 et
540 2029 585 2132 ⁵⁰)
604 2033 753 2108 flamma
771 2039 922 2108 vastare
942 2039 1161 2108 statuerunt.
1181 2034 1313 2130 Itaque
1331 2028 1462 2107 Aaron
1480 2033 1600 2130 bipar-

475 2162 564 2236 titas
584 2159 713 2257 copias
731 2155 781 2248 ⁵²)
809 2158 847 2230 in
884 2156 1067 2233 hosticum
1090 2159 1230 2234 ducens
1259 2153 1328 2257 ⁵²),
1349 2157 1600 2254 Tegeninam,

475 2285 728 2376 Killicninam,
747 2283 936 2358 veteribus
948 2283 1153 2359 Achilleam
1174 2281 1239 2376 ⁵³),
1250 2283 1435 2359 etAlbam
1453 2283 1602 2372 Neuter,

477 2438 522 2489 ac
542 2409 719 2509 quidquid
738 2409 792 2483 cis
812 2418 848 2484 et
867 2409 966 2484 ultra
984 2409 1196 2484 Danubium
1216 2417 1285 2500 est,
1314 2412 1427 2507 louge
1455 2410 1602 2506 lateque

478 2538 638 2637 diripuit,
659 2536 853 2631 caesisque
881 2559 990 2633 quam
1018 2535 1188 2632 plurimis
1210 2536 1347 2611 Turcis
1375 2542 1489 2632 atque
1509 2535 1600 2609 Tar·

477 2663 582 2752 teris,
603 2683 682 2734 eum
702 2659 894 2734 tormentis
914 2657 1115 2734 maioribus
1144 2659 1353 2751 destitutus,
1381 2668 1603 2756 temporum·

479 2813 550 2887 que
569 2786 762 2884 iniquitate
781 2785 978 2883 impeditus
999 2785 1165 2860 castellis
1183 2787 1295 2883 potiri
1315 2808 1387 2862 non
1406 2785 1601 2883 potuisset,

482 2941 562 2992 eum
576 2912 717 3008 ingenti
736 2911 1606 3010 praedadomumpancisomninosuorumamis·

474 3045 535 3119 ‘sis
553 3063 638 3118 sese
657 3039 799 3137 recepit
826 3036 887 3130 ⁵¹).
916 3037 1056 3111 Eodem
1078 3060 1264 3130 successu,
1277 3040 1344 3114 sed
1355 3040 1466 3134 longe
1476 3036 1608 3112 maiori

482 3168 687 3254 alacritate,
716 3172 753 3241 et
783 3163 945 3238 Micheel
973 3162 1168 3238 Palatinus
1187 3187 1265 3239 rem
1294 3164 1331 3239 in
1351 3163 1606 3261 Transalpina

480 3293 599 3389 gessit
626 3289 687 3382 ⁵⁵).
725 3289 916 3365 Reversus
944 3287 1040 3364 enim
1068 3313 1115 3364 ex
1143 3291 1352 3367 lemicensi
1371 3287 1605 3384 expeditione

594 3498 627 3566 ³⁰)
650 3500 733 3555 lion:
754 3504 841 3570 etque

590 3589 625 3660 ³¹)
645 3590 709 3660 Epp.
722 3591 776 3643 cod.
787 3589 817 3646 dr
828 3589 895 3642 Koa.
909 3588 1056 3661 bipertitis
1080 3589 1181 3662 eoplis.

589 3679 621 3748 ⁵²)
641 3681 705 3749 Eup.
718 3680 773 3733 cod.
788 3701 795 3735 ε
812 3678 922 3734 ducent

590 3769 624 3842 ⁵⁸)
643 3768 772 3826 Koa-cdl
783 3766 922 3840 httnyzik
936 3786 953 3824 e
966 3767 1018 3825 ket
1030 3772 1080 3825 ssd
1090 3787 1098 3822 :
1110 3769 1255 3827 veteribus
1265 3767 1438 3836 Achillem,

591 3859 628 3929 Η)
642 3862 709 3914 Koo.
731 3880 738 3914 :
759 3858 874 3917 domum
892 3876 955 3914 sose
974 3861 1075 3931 peucis
1088 3859 1142 3916 stb.

593 3949 625 4020 ⁸⁵)
645 3949 690 4005 Au
722 3949 759 4004 itt
788 3948 974 4007 kbvetkezdlr
994 3945 1107 4018 helystt
1126 3949 1257 4005 Koa-nel
1276 3947 1349 4004 ezch
1367 3944 1508 4003 dllenek:
1527 3943 1608 4001 Post·

483 4057 569 4113 qusm
589 4039 666 4095 enim
684 4037 818 4110 ingentes
838 4037 1073 4106 voluntariorum,
1105 4053 1140 4092 ex
1169 4035 1299 4108 Vnguis
1337 4039 1367 4091 et
1390 4031 1608 4105 Trsusylvsuis

483 4129 603 4184 militum
623 4127 723 4197 copies
743 4125 919 4198 collegisset,
940 4124 1079 4195 imprimis
1090 4121 1281 4197 Girgiovinm,
1301 4140 1366 4179 mcx
1379 4121 1607 4186 Orosesikinum,

483 4217 669 4274 Drezlovium
692 4215 774 4279 item,
787 4213 979 4286 etcomplurs
999 4214 1180 4286 slieoppide
1199 4213 1333 4281 Tuccius,
1361 4214 1445 4281 sitne,
1473 4214 1608 4284 ultusque

482 4307 645 4365 Danubium
665 4306 732 4374 sits,
753 4305 845 4360 cessis
865 4304 1082 4377 quamplurimis
1090 4303 1293 4373 Barbarorum,
1306 4311 1336 4360 et
1345 4321 1404 4360 non
1414 4303 1518 4373 paucis
1531 4319 1608 4360 meu·

482 4396 622 4468 cipiorum
642 4393 871 4450 Christianorum
900 4395 931 4449 in
958 4394 1107 4465 pristinem
1126 4393 1291 4450 libertetem
1319 4392 1449 4462 mcertis,
1467 4391 1546 4449 forro
1567 4401 1607 4451 et·

483 4503 538 4558 que
556 4486 672 4542 flemme
702 4483 869 4546 consumsit,
894 4483 1103 4557 ingentemque
1122 4483 1216 4538 omnis
1244 4483 1361 4557 generis
1379 4484 1520 4554 praedem
1542 4483 1607 4538 inde

482 4576 651 4648 reportavit.
666 4575 712 4632 lte
732 4574 856 4630 vastetis
874 4573 1029 4630 hostilibus
1047 4575 1271 4645 circumquaque
1299 4571 1470 4642 ditionibus,
1494 4570 1565 4627 felix
1584 4571 1607 4627 si

483 4665 557 4734 finis,
579 4666 654 4732 qnod
674 4664 831 4734 optandum
851 4671 905 4732 est,
927 4664 1068 4735 principio
1099 4663 1288 4735 responderit,
1318 4662 1408 4722 futuri
1438 4661 1509 4718 belli
1531 4680 1609 4718 exor-

482 4757 559 4811 dium
573 4753 675 4812 fecere.
