3625 5534
645 461 681 529 ds
697 460 837 530 nuruis.
1224 461 1297 526 LXI

194 673 341 750 eaquae
360 650 410 726 eb
430 648 505 724 illis
525 645 732 745 peregrinis
751 646 889 744 alioqui
909 645 1124 722 authoribus
1145 669 1232 722 vere
1251 670 1296 721 ae

193 777 387 876 simpliciter
408 776 605 852 memoriae
620 775 851 873 posteritatis
867 774 1120 850 commendata
1138 775 1295 864 fuerant,

192 915 257 979 tam
280 905 431 1002 turpiter
467 902 598 978 favore
627 901 748 1000 partis
778 901 931 977 alterius
959 900 1173 1000 corruperit.
1213 899 1296 992 Quo

194 1030 296 1128 magis
312 1030 506 1119 laudanda,
526 1036 563 1102 et
582 1029 749 1103 omnibus
766 1027 977 1127 praeconiis
996 1027 1219 1102 celebranda
1237 1033 1295 1101 est

193 1157 390 1248 liberalitas,
411 1177 527 1254 opera
541 1178 586 1228 ae
605 1153 787 1229 industria
806 1177 942 1239 eorum,
962 1153 1025 1249 qui
1045 1151 1294 1253 Paralipome-

193 1305 375 1357 nurerum
414 1282 684 1377 Vngarioarum
713 1280 881 1356 Bonfinio
911 1286 1079 1356 attexere
1104 1289 1293 1358 oouautur.

195 1405 268 1490 Sed,
285 1416 322 1483 ut
340 1433 423 1486 mea
442 1408 588 1506 quidem
617 1410 690 1484 fert
718 1407 852 1507 opinio,
883 1408 931 1483 ad
949 1408 1214 1505 perfectionem
1232 1433 1296 1482 an·

193 1535 356 1632 tiquitatis
374 1542 526 1612 nostrae
543 1536 614 1610 boo
634 1534 877 1626 desideratur,
904 1544 945 1611 ut
962 1536 1109 1611 oollatis
1126 1537 1295 1611 omnibus

194 1661 331 1738 omnium
350 1663 387 1738 in
407 1663 479 1738 boo
496 1685 634 1757 genere
646 1661 865 1760 scriptorum
885 1661 1116 1738 monimentis
1134 1687 1178 1739 ao
1196 1665 1296 1758 frag·

193 1788 317 1884 uentis,
338 1789 514 1865 universa
541 1811 662 1863 rerum
697 1787 969 1880 Vngariearum
1001 1788 1159 1866 historia
1196 1813 1294 1876 vere,

194 1913 346 2002 breviter,
375 1937 420 1990 ao
448 1937 550 2013 pure,
589 1912 674 1988 iude
693 1935 809 2010 usque
837 1937 861 1986 a
886 1914 1087 2010 primordio
1123 1915 1172 1989 ad
1198 1915 1295 1990 haue

193 2049 337 2116 nostram
356 2041 581 2131 memoriam,
604 2040 767 2114 inunum
788 2038 971 2135 quoddam
999 2062 1132 2137 eorpus
1150 2065 1196 2116 ae
1214 2042 1296 2116 bre·

194 2190 230 2242 re
247 2165 491 2266 compendium
513 2165 713 2262 redigatur,
743 2171 779 2238 et
798 2164 944 2261 quidem
963 2165 1154 2262 redigatur
1171 2190 1195 2241 a
1213 2189 1295 2241 nos·

192 2293 340 2378 batibus,
361 2317 407 2368 ne
427 2315 575 2391 semper
594 2290 776 2374 aooersita
804 2293 1082 2390 peregrinorum
1102 2292 1294 2382 industria,

192 2428 337 2495 nostram
364 2418 447 2495 orbi
469 2426 618 2494 aoouset
638 2417 831 2492 infantiam
851 2441 895 2492 ao
915 2419 1182 2516 negligentiam
1209 2420 1294 2518 plus

191 2568 284 2642 quam
301 2555 399 2622 eerte
418 2545 630 2620 barbaram.
652 2543 736 2618 Hoe
754 2543 787 2618 si
807 2552 870 2620 aut
889 2544 976 2619 mibi
996 2547 1294 2643 unquamfaeere

192 2671 327 2768 licuerit,
346 2671 445 2770 quod
465 2671 538 2746 iam
558 2669 619 2746 diu
639 2669 773 2766 degite,
793 2677 829 2744 et
846 2693 918 2744 non
939 2671 1085 2766 exiguis
1104 2671 1295 2750 laboribus

192 2798 314 2893 molior,
332 2809 397 2876 aut
415 2799 511 2875 alius
531 2799 726 2895 quisquam
745 2798 805 2874 vel
824 2821 881 2874 me
900 2798 1076 2897 impedito
1096 2801 1295 2905 occuparit,

193 2925 243 2999 vel
259 2935 394 3002 mortuo
415 2924 593 3016 effeoerit,
611 2923 643 3000 is
663 2931 763 3000 oerte
782 2947 854 2998 non
873 2924 989 3000 solum
1009 2925 1141 3000 smdiis
1159 2949 1295 3022 eorum,

193 3052 242 3148 qui
267 3049 478 3152 Sapientiae
508 3050 685 3127 doctrinis
713 3051 953 3139 delectantur,
982 3052 1050 3128 sed
1078 3054 1188 3128 etiam
1215 3055 1295 3129 univ

193 3201 305 3256 versae
323 3179 470 3278 patriae
490 3201 567 3254 rem
595 3201 733 3254 summe
761 3178 1010 3254 neeessariam
1029 3187 1140 3277 atque
1158 3179 1294 3279 glorio·

193 3325 257 3380 saur
272 3305 511 3407 praestiterit.
542 3305 733 3402 Equidem,
762 3305 795 3380 si
815 3305 921 3379 Deus
949 3303 1036 3404 Opt.
1056 3305 1155 3380 Max.
1176 3307 1292 3383 vitam

192 3431 264 3506 uibi
280 3429 547 3531 prorogaverit,
569 3431 665 3506 vires
685 3453 730 3506 ao
748 3430 978 3506 oooasionem
996 3430 1155 3530 largitus
1174 3435 1295 3524 irretit,

192 3557 394 3634 liberalitem
415 3579 461 3631 ao
488 3555 772 3632 munificentiam
799 3555 1004 3656 principum
1028 3537 1189 3634 virorum
1208 3562 1293 3635 sub-

157 3715 163 3728 ·
193 3683 448 3776 uiristraverit,
477 3690 514 3758 et
541 3681 614 3758 hoo·
639 3705 767 3758 munus
807 3683 961 3780 patriae,
998 3685 1056 3760 oui
1084 3709 1142 3760 me
1170 3693 1293 3760 uatum

192 3811 358 3906 profiteor,
388 3818 427 3886 et
453 3809 598 3907 reliqua
626 3809 724 3884 vitae
752 3809 884 3900 munia,
914 3833 1155 3909 quaeeunque
1184 3837 1207 3886 a
1235 3833 1292 3884 me

192 3939 359 4032 proticisci
378 3943 544 4037 possunt,
573 3937 668 4012 inter
694 3945 837 4013 eeteros
864 3937 1030 4013 homiues
1048 3939 1227 4026 literatos,
1256 3944 1293 4012 et

192 4067 320 4159 patriae
340 4073 518 4150 amantes,
538 4086 605 4164 pro
624 4065 724 4141 tenui
753 4089 835 4140 mea
852 4074 957 4163 parte
976 4074 1168 4164 praestare
1186 4086 1293 4139 oona·

191 4191 255 4268 bor.
274 4191 424 4270 Interim
442 4199 483 4270 ut
501 4193 613 4267 husee
632 4190 781 4267 labores
800 4200 959 4284 nostros,
988 4190 1146 4288 benigue
1165 4191 1293 4284 leotor,

190 4319 262 4394 boui
279 4319 462 4410 eonsules,
490 4325 527 4394 et
546 4317 684 4415 siquid
713 4317 774 4394 vel
802 4327 932 4394 nostra
958 4317 1210 4395 imbecillitate
1231 4321 1290 4396 vel

192 4467 371 4544 operarum
391 4445 764 4545 Typograpbioarum
788 4445 931 4521 ineuria
950 4445 1213 4520 emendandum
1232 4467 1292 4522 oo·

194 4573 342 4665 currerit,
361 4595 430 4671 pro
450 4581 512 4649 tua
532 4573 756 4650 humanitate
776 4574 961 4650 condones
980 4573 1100 4648 velim.
1128 4572 1236 4662 Vale,
1255 4581 1293 4648 et

195 4693 242 4772 bis
259 4721 322 4798 pro
340 4699 521 4777 arbitratu
538 4701 671 4776 fruere.

629 4893 838 4904 ι--ι-ιι
