<?xml version="1.0" encoding="UTF-8"?>
<!DOCTYPE html PUBLIC "-//W3C//DTD XHTML 1.0 Transitional//EN"
    "http://www.w3.org/TR/xhtml1/DTD/xhtml1-transitional.dtd">
<html xmlns="http://www.w3.org/1999/xhtml" xml:lang="en" lang="en">
 <head>
  <title>
</title>
<meta http-equiv="Content-Type" content="text/html;charset=utf-8" />
  <meta name='ocr-system' content='tesseract 3.04.00' />
  <meta name='ocr-capabilities' content='ocr_page ocr_carea ocr_par ocr_line ocrx_word'/>
</head>
<body>
  <div class='ocr_page' id='page_1' title='image "./magyarhistorija00decsgoog_0344.png"; bbox 0 0 3625 5534; ppageno 0'>
   <div class='ocr_carea' id='block_1_1' title="bbox 461 484 1204 568">
    <p class='ocr_par' dir='ltr' id='par_1_1' title="bbox 461 484 1204 568">
     <span class='ocr_line' id='line_1_1' title="bbox 461 484 1204 568; baseline 0.008 -8"><span class='ocrx_word' id='word_1_1' title='bbox 461 484 541 562; x_wconf 84' lang='lat'>254</span> <span class='ocrx_word' id='word_1_2' title='bbox 868 512 917 565; x_wconf 94' lang='lat'>10.</span> <span class='ocrx_word' id='word_1_3' title='bbox 938 512 1038 564; x_wconf 84' lang='lat' dir='ltr'>onon</span> <span class='ocrx_word' id='word_1_4' title='bbox 1056 513 1204 568; x_wconf 81' lang='lat' dir='ltr'>onnovn</span> 
     </span>
    </p>
   </div>
   <div class='ocr_carea' id='block_1_2' title="bbox 353 689 1595 2174">
    <p class='ocr_par' dir='ltr' id='par_1_2' title="bbox 353 689 1595 2174">
     <span class='ocr_line' id='line_1_2' title="bbox 460 689 1595 785; baseline 0.007 -29"><span class='ocrx_word' id='word_1_5' title='bbox 460 691 538 774; x_wconf 92' lang='lat' dir='ltr'>tur,</span> <span class='ocrx_word' id='word_1_6' title='bbox 567 692 676 760; x_wconf 90' lang='lat' dir='ltr'>noctu</span> <span class='ocrx_word' id='word_1_7' title='bbox 713 693 992 783; x_wconf 60' lang='lat' dir='ltr'>comparantem</span> <span class='ocrx_word' id='word_1_8' title='bbox 1030 689 1188 785; x_wconf 89' lang='lat' dir='ltr'>plurima</span> <span class='ocrx_word' id='word_1_9' title='bbox 1229 713 1322 765; x_wconf 86' lang='lat' dir='ltr'>vasa</span> <span class='ocrx_word' id='word_1_10' title='bbox 1359 689 1445 764; x_wconf 87' lang='lat' dir='ltr'>vino</span> <span class='ocrx_word' id='word_1_11' title='bbox 1478 691 1595 764; x_wconf 87' lang='lat' dir='ltr'>effuso</span> 
     </span>
     <span class='ocr_line' id='line_1_3' title="bbox 461 815 1594 912; baseline 0.004 -29"><span class='ocrx_word' id='word_1_12' title='bbox 461 820 705 904; x_wconf 78' lang='lat' dir='ltr'>evacuantur,</span> <span class='ocrx_word' id='word_1_13' title='bbox 734 820 907 910; x_wconf 88' lang='lat' dir='ltr'>terraque</span> <span class='ocrx_word' id='word_1_14' title='bbox 936 815 1100 912; x_wconf 87' lang='lat' dir='ltr'>repleta,</span> <span class='ocrx_word' id='word_1_15' title='bbox 1135 817 1183 890; x_wconf 90' lang='lat' dir='ltr'>ad</span> <span class='ocrx_word' id='word_1_16' title='bbox 1211 815 1429 891; x_wconf 80' lang='lat' dir='ltr'>sarciendae</span> <span class='ocrx_word' id='word_1_17' title='bbox 1467 815 1594 889; x_wconf 87' lang='lat' dir='ltr'>ruinas</span> 
     </span>
     <span class='ocr_line' id='line_1_4' title="bbox 460 926 1589 1040; baseline 0.004 -31"><span class='ocrx_word' id='word_1_18' title='bbox 460 926 715 1014; x_wconf 84' lang='lat' dir='ltr'>advoluuntur.</span> <span class='ocrx_word' id='word_1_19' title='bbox 745 937 805 1012; x_wconf 83' lang='lat' dir='ltr'>Ad</span> <span class='ocrx_word' id='word_1_20' title='bbox 823 941 919 1015; x_wconf 90' lang='lat' dir='ltr'>haec</span> <span class='ocrx_word' id='word_1_21' title='bbox 941 942 1101 1016; x_wconf 93' lang='lat' dir='ltr'>tumulus</span> <span class='ocrx_word' id='word_1_22' title='bbox 1120 943 1369 1040; x_wconf 82' lang='lat' dir='ltr'>praegrandis</span> <span class='ocrx_word' id='word_1_23' title='bbox 1399 942 1589 1036; x_wconf 80' lang='lat' dir='ltr'><strong>congestis</strong></span> 
     </span>
     <span class='ocr_line' id='line_1_5' title="bbox 353 1045 1587 1159; baseline 0.004 -24"><span class='ocrx_word' id='word_1_24' title='bbox 353 1045 357 1054; x_wconf 42' lang='lat'><strong>¹</strong></span> <span class='ocrx_word' id='word_1_25' title='bbox 459 1063 665 1159; x_wconf 76' lang='lat' dir='ltr'>aggeribus</span> <span class='ocrx_word' id='word_1_26' title='bbox 684 1063 880 1156; x_wconf 83' lang='lat' dir='ltr'>excitatus,</span> <span class='ocrx_word' id='word_1_27' title='bbox 903 1088 947 1139; x_wconf 91' lang='lat' dir='ltr'>ac</span> <span class='ocrx_word' id='word_1_28' title='bbox 965 1068 1157 1142; x_wconf 88' lang='lat' dir='ltr'>tormentis</span> <span class='ocrx_word' id='word_1_29' title='bbox 1176 1067 1265 1142; x_wconf 93' lang='lat' dir='ltr'>illuc</span> <span class='ocrx_word' id='word_1_30' title='bbox 1283 1065 1454 1143; x_wconf 76' lang='lat' dir='ltr'><strong>attractis</strong></span> <span class='ocrx_word' id='word_1_31' title='bbox 1475 1063 1587 1142; x_wconf 88' lang='lat' dir='ltr'>hosti-</span> 
     </span>
     <span class='ocr_line' id='line_1_6' title="bbox 459 1190 1589 1293; baseline 0.004 -29"><span class='ocrx_word' id='word_1_32' title='bbox 459 1190 516 1265; x_wconf 92' lang='lat' dir='ltr'>les</span> <span class='ocrx_word' id='word_1_33' title='bbox 537 1199 696 1266; x_wconf 89' lang='lat' dir='ltr'>conatus</span> <span class='ocrx_word' id='word_1_34' title='bbox 711 1192 919 1287; x_wconf 89' lang='lat' dir='ltr'>eluduntur,</span> <span class='ocrx_word' id='word_1_35' title='bbox 949 1192 1085 1270; x_wconf 86' lang='lat' dir='ltr'>multae</span> <span class='ocrx_word' id='word_1_36' title='bbox 1113 1204 1314 1293; x_wconf 89' lang='lat' dir='ltr'>praeustae</span> <span class='ocrx_word' id='word_1_37' title='bbox 1333 1194 1456 1287; x_wconf 89' lang='lat' dir='ltr'>sudes,</span> <span class='ocrx_word' id='word_1_38' title='bbox 1486 1217 1589 1289; x_wconf 82' lang='lat' dir='ltr'>mag-</span> 
     </span>
     <span class='ocr_line' id='line_1_7' title="bbox 461 1315 1592 1418; baseline 0.001 -27"><span class='ocrx_word' id='word_1_39' title='bbox 461 1339 530 1393; x_wconf 89' lang='lat' dir='ltr'>nus</span> <span class='ocrx_word' id='word_1_40' title='bbox 549 1315 714 1414; x_wconf 89' lang='lat' dir='ltr'>lapidum</span> <span class='ocrx_word' id='word_1_41' title='bbox 742 1341 899 1393; x_wconf 86' lang='lat' dir='ltr'>acervus</span> <span class='ocrx_word' id='word_1_42' title='bbox 931 1327 1175 1418; x_wconf 90' lang='lat' dir='ltr'>comparatur,</span> <span class='ocrx_word' id='word_1_43' title='bbox 1203 1321 1332 1395; x_wconf 85' lang='lat' dir='ltr'>ruinae</span> <span class='ocrx_word' id='word_1_44' title='bbox 1351 1317 1592 1417; x_wconf 79' lang='lat' dir='ltr'>complentur,</span> 
     </span>
     <span class='ocr_line' id='line_1_8' title="bbox 462 1442 1592 1544; baseline -0.002 -27"><span class='ocrx_word' id='word_1_45' title='bbox 462 1450 500 1517; x_wconf 92' lang='lat' dir='ltr'>et</span> <span class='ocrx_word' id='word_1_46' title='bbox 517 1442 794 1539; x_wconf 78' lang='lat' dir='ltr'>quibuscunque</span> <span class='ocrx_word' id='word_1_47' title='bbox 814 1445 933 1520; x_wconf 92' lang='lat' dir='ltr'>modis</span> <span class='ocrx_word' id='word_1_48' title='bbox 960 1446 1041 1522; x_wconf 90' lang='lat' dir='ltr'>fieri</span> <span class='ocrx_word' id='word_1_49' title='bbox 1061 1469 1173 1544; x_wconf 93' lang='lat' dir='ltr'>posse</span> <span class='ocrx_word' id='word_1_50' title='bbox 1203 1447 1394 1534; x_wconf 87' lang='lat' dir='ltr'>indicatur,</span> <span class='ocrx_word' id='word_1_51' title='bbox 1430 1444 1592 1519; x_wconf 89' lang='lat' dir='ltr'>hostiurn</span> 
     </span>
     <span class='ocr_line' id='line_1_9' title="bbox 457 1568 1594 1669; baseline 0.003 -28"><span class='ocrx_word' id='word_1_52' title='bbox 457 1568 724 1666; x_wconf 89' lang='lat' dir='ltr'>irruptionibus</span> <span class='ocrx_word' id='word_1_53' title='bbox 744 1570 893 1646; x_wconf 90' lang='lat' dir='ltr'>obviarn</span> <span class='ocrx_word' id='word_1_54' title='bbox 913 1571 997 1666; x_wconf 89' lang='lat' dir='ltr'>itur,</span> <span class='ocrx_word' id='word_1_55' title='bbox 1017 1581 1103 1648; x_wconf 91' lang='lat' dir='ltr'>tunc</span> <span class='ocrx_word' id='word_1_56' title='bbox 1122 1573 1249 1649; x_wconf 85' lang='lat' dir='ltr'>Duces</span> <span class='ocrx_word' id='word_1_57' title='bbox 1269 1573 1478 1669; x_wconf 85' lang='lat' dir='ltr'>Legatiquc</span> <span class='ocrx_word' id='word_1_58' title='bbox 1499 1569 1594 1645; x_wconf 86' lang='lat' dir='ltr'>Tur·</span> 
     </span>
     <span class='ocr_line' id='line_1_10' title="bbox 460 1694 1589 1793; baseline 0.002 -27"><span class='ocrx_word' id='word_1_59' title='bbox 460 1716 597 1784; x_wconf 89' lang='lat' dir='ltr'>carum,</span> <span class='ocrx_word' id='word_1_60' title='bbox 627 1694 689 1792; x_wconf 92' lang='lat' dir='ltr'>qui</span> <span class='ocrx_word' id='word_1_61' title='bbox 718 1696 878 1793; x_wconf 85' lang='lat' dir='ltr'>aliquem</span> <span class='ocrx_word' id='word_1_62' title='bbox 908 1697 1089 1773; x_wconf 91' lang='lat' dir='ltr'>sermonis</span> <span class='ocrx_word' id='word_1_63' title='bbox 1108 1699 1226 1773; x_wconf 89' lang='lat' dir='ltr'>nostri</span> <span class='ocrx_word' id='word_1_64' title='bbox 1253 1719 1359 1773; x_wconf 88' lang='lat' dir='ltr'>usum</span> <span class='ocrx_word' id='word_1_65' title='bbox 1385 1697 1589 1772; x_wconf 62' lang='lat' dir='ltr'>habebant,</span> 
     </span>
     <span class='ocr_line' id='line_1_11' title="bbox 459 1821 1587 1922; baseline 0.002 -28"><span class='ocrx_word' id='word_1_66' title='bbox 459 1821 607 1896; x_wconf 89' lang='lat' dir='ltr'>sublata</span> <span class='ocrx_word' id='word_1_67' title='bbox 626 1845 718 1897; x_wconf 84' lang='lat' dir='ltr'>voce</span> <span class='ocrx_word' id='word_1_68' title='bbox 737 1823 785 1896; x_wconf 89' lang='lat' dir='ltr'>ad</span> <span class='ocrx_word' id='word_1_69' title='bbox 805 1822 1027 1898; x_wconf 89' lang='lat' dir='ltr'>deditionem</span> <span class='ocrx_word' id='word_1_70' title='bbox 1048 1825 1226 1898; x_wconf 86' lang='lat' dir='ltr'>obsessos</span> <span class='ocrx_word' id='word_1_71' title='bbox 1244 1823 1450 1916; x_wconf 86' lang='lat' dir='ltr'>hortantur,</span> <span class='ocrx_word' id='word_1_72' title='bbox 1478 1846 1587 1922; x_wconf 88' lang='lat' dir='ltr'>para·</span> 
     </span>
     <span class='ocr_line' id='line_1_12' title="bbox 460 1947 1590 2049; baseline 0.002 -28"><span class='ocrx_word' id='word_1_73' title='bbox 460 1954 521 2023; x_wconf 90' lang='lat' dir='ltr'>tos</span> <span class='ocrx_word' id='word_1_74' title='bbox 541 1970 582 2022; x_wconf 89' lang='lat' dir='ltr'>se</span> <span class='ocrx_word' id='word_1_75' title='bbox 602 1947 757 2022; x_wconf 88' lang='lat' dir='ltr'>eandem</span> <span class='ocrx_word' id='word_1_76' title='bbox 777 1948 968 2024; x_wconf 88' lang='lat' dir='ltr'>lenitatem</span> <span class='ocrx_word' id='word_1_77' title='bbox 987 1948 1026 2024; x_wconf 93' lang='lat' dir='ltr'>in</span> <span class='ocrx_word' id='word_1_78' title='bbox 1045 1949 1223 2048; x_wconf 85' lang='lat' dir='ltr'>Vngaros</span> <span class='ocrx_word' id='word_1_79' title='bbox 1253 1957 1459 2049; x_wconf 79' lang='lat' dir='ltr'>praestare,</span> <span class='ocrx_word' id='word_1_80' title='bbox 1481 1971 1590 2046; x_wconf 90' lang='lat' dir='ltr'>quam</span> 
     </span>
     <span class='ocr_line' id='line_1_13' title="bbox 457 2071 1591 2174; baseline 0.004 -30"><span class='ocrx_word' id='word_1_81' title='bbox 457 2071 531 2171; x_wconf 88' lang='lat' dir='ltr'>ipsi</span> <span class='ocrx_word' id='word_1_82' title='bbox 559 2094 653 2169; x_wconf 84' lang='lat' dir='ltr'>erga</span> <span class='ocrx_word' id='word_1_83' title='bbox 680 2072 867 2149; x_wconf 86' lang='lat' dir='ltr'>dedititios</span> <span class='ocrx_word' id='word_1_84' title='bbox 888 2073 1115 2152; x_wconf 88' lang='lat' dir='ltr'>Osmanidas</span> <span class='ocrx_word' id='word_1_85' title='bbox 1144 2076 1433 2174; x_wconf 87' lang='lat' dir='ltr'>praestitissent,</span> <span class='ocrx_word' id='word_1_86' title='bbox 1463 2073 1591 2149; x_wconf 74' lang='lat' dir='ltr'>licere</span> 
     </span>
    </p>
   </div>
   <div class='ocr_carea' id='block_1_3' title="bbox 457 2177 1737 2552">
    <p class='ocr_par' dir='ltr' id='par_1_3' title="bbox 457 2177 1737 2552">
     <span class='ocr_line' id='line_1_14' title="bbox 460 2177 1591 2300; baseline 0.001 -25"><span class='ocrx_word' id='word_1_87' title='bbox 460 2222 531 2296; x_wconf 89' lang='lat' dir='ltr'>que</span> <span class='ocrx_word' id='word_1_88' title='bbox 550 2197 625 2273; x_wconf 88' lang='lat' dir='ltr'>illis</span> <span class='ocrx_word' id='word_1_89' title='bbox 644 2199 891 2277; x_wconf 88' lang='lat' dir='ltr'>incolumibus</span> <span class='ocrx_word' id='word_1_90' title='bbox 910 2227 977 2300; x_wconf 89' lang='lat' dir='ltr'>per</span> <span class='ocrx_word' id='word_1_91' title='bbox 997 2225 1039 2279; x_wconf 92' lang='lat' dir='ltr'>se</span> <span class='ocrx_word' id='word_1_92' title='bbox 1057 2203 1144 2279; x_wconf 90' lang='lat' dir='ltr'>inde</span> <span class='ocrx_word' id='word_1_93' title='bbox 1164 2177 1364 2297; x_wconf 73' lang='lat' dir='ltr'>discedere,</span> <span class='ocrx_word' id='word_1_94' title='bbox 1383 2201 1468 2276; x_wconf 89' lang='lat' dir='ltr'>etin</span> <span class='ocrx_word' id='word_1_95' title='bbox 1481 2222 1591 2300; x_wconf 85' lang='lat' dir='ltr'>quas·</span> 
     </span>
     <span class='ocr_line' id='line_1_15' title="bbox 460 2328 1737 2428; baseline 0.002 -29"><span class='ocrx_word' id='word_1_96' title='bbox 460 2350 603 2424; x_wconf 92' lang='lat' dir='ltr'>cunque</span> <span class='ocrx_word' id='word_1_97' title='bbox 623 2334 751 2425; x_wconf 89' lang='lat' dir='ltr'>partes</span> <span class='ocrx_word' id='word_1_98' title='bbox 779 2328 905 2421; x_wconf 89' lang='lat' dir='ltr'>velint,</span> <span class='ocrx_word' id='word_1_99' title='bbox 939 2329 1019 2404; x_wconf 92' lang='lat' dir='ltr'>sine</span> <span class='ocrx_word' id='word_1_100' title='bbox 1048 2337 1146 2406; x_wconf 91' lang='lat' dir='ltr'>metu</span> <span class='ocrx_word' id='word_1_101' title='bbox 1172 2330 1369 2428; x_wconf 88' lang='lat' dir='ltr'>proficisci.</span> <span class='ocrx_word' id='word_1_102' title='bbox 1388 2329 1492 2404; x_wconf 89' lang='lat' dir='ltr'>Idem</span> <span class='ocrx_word' id='word_1_103' title='bbox 1507 2329 1590 2403; x_wconf 84' lang='lat' dir='ltr'>&#39;ten-</span> <span class='ocrx_word' id='word_1_104' title='bbox 1736 2343 1737 2374; x_wconf 58' lang='lat'>¹</span> 
     </span>
     <span class='ocr_line' id='line_1_16' title="bbox 457 2447 1737 2552; baseline 0.001 -27"><span class='ocrx_word' id='word_1_105' title='bbox 457 2458 537 2526; x_wconf 91' lang='lat' dir='ltr'>tant</span> <span class='ocrx_word' id='word_1_106' title='bbox 565 2453 685 2529; x_wconf 91' lang='lat' dir='ltr'>literis</span> <span class='ocrx_word' id='word_1_107' title='bbox 723 2453 835 2531; x_wconf 85' lang='lat' dir='ltr'>etiam</span> <span class='ocrx_word' id='word_1_108' title='bbox 862 2477 930 2552; x_wconf 91' lang='lat' dir='ltr'>per</span> <span class='ocrx_word' id='word_1_109' title='bbox 958 2447 1081 2530; x_wconf 88' lang='lat' dir='ltr'>iacula</span> <span class='ocrx_word' id='word_1_110' title='bbox 1107 2455 1305 2546; x_wconf 85' lang='lat' dir='ltr'>immissis,</span> <span class='ocrx_word' id='word_1_111' title='bbox 1343 2455 1590 2550; x_wconf 90' lang='lat' dir='ltr'>omnibusque</span> <span class='ocrx_word' id='word_1_112' title='bbox 1736 2461 1737 2552; x_wconf 50' lang='lat' dir='ltr'>t</span> 
     </span>
    </p>
   </div>
   <div class='ocr_carea' id='block_1_4' title="bbox 456 2576 1591 3434">
    <p class='ocr_par' dir='ltr' id='par_1_4' title="bbox 456 2576 1591 3434">
     <span class='ocr_line' id='line_1_17' title="bbox 456 2576 1590 2678; baseline -0.001 -27"><span class='ocrx_word' id='word_1_113' title='bbox 456 2576 574 2652; x_wconf 91' lang='lat' dir='ltr'>modis</span> <span class='ocrx_word' id='word_1_114' title='bbox 594 2601 641 2653; x_wconf 91' lang='lat' dir='ltr'>ac</span> <span class='ocrx_word' id='word_1_115' title='bbox 658 2578 850 2654; x_wconf 89' lang='lat' dir='ltr'>blanditiis</span> <span class='ocrx_word' id='word_1_116' title='bbox 865 2581 904 2654; x_wconf 92' lang='lat' dir='ltr'>in</span> <span class='ocrx_word' id='word_1_117' title='bbox 923 2580 961 2654; x_wconf 92' lang='lat' dir='ltr'>id</span> <span class='ocrx_word' id='word_1_118' title='bbox 979 2580 1202 2674; x_wconf 90' lang='lat' dir='ltr'>incumbunt,</span> <span class='ocrx_word' id='word_1_119' title='bbox 1233 2603 1303 2678; x_wconf 92' lang='lat' dir='ltr'>quc</span> <span class='ocrx_word' id='word_1_120' title='bbox 1333 2602 1399 2656; x_wconf 84' lang='lat' dir='ltr'>sos</span> <span class='ocrx_word' id='word_1_121' title='bbox 1418 2579 1467 2656; x_wconf 88' lang='lat' dir='ltr'>ad</span> <span class='ocrx_word' id='word_1_122' title='bbox 1487 2576 1590 2653; x_wconf 87' lang='lat' dir='ltr'>dedi·</span> 
     </span>
     <span class='ocr_line' id='line_1_18' title="bbox 458 2701 1587 2805; baseline 0 -27"><span class='ocrx_word' id='word_1_123' title='bbox 458 2701 593 2778; x_wconf 90' lang='lat' dir='ltr'>tionem</span> <span class='ocrx_word' id='word_1_124' title='bbox 611 2703 803 2801; x_wconf 88' lang='lat' dir='ltr'>impellere</span> <span class='ocrx_word' id='word_1_125' title='bbox 821 2706 978 2804; x_wconf 83' lang='lat' dir='ltr'>possint.</span> <span class='ocrx_word' id='word_1_126' title='bbox 1010 2705 1226 2782; x_wconf 82' lang='lat' dir='ltr'>Obaudiant</span> <span class='ocrx_word' id='word_1_127' title='bbox 1251 2707 1346 2782; x_wconf 88' lang='lat' dir='ltr'>haec</span> <span class='ocrx_word' id='word_1_128' title='bbox 1364 2706 1587 2805; x_wconf 88' lang='lat' dir='ltr'>Lippenses,</span> 
     </span>
     <span class='ocr_line' id='line_1_19' title="bbox 458 2829 1591 2930; baseline 0.002 -28"><span class='ocrx_word' id='word_1_129' title='bbox 458 2834 495 2902; x_wconf 93' lang='lat' dir='ltr'>et</span> <span class='ocrx_word' id='word_1_130' title='bbox 523 2829 610 2926; x_wconf 87' lang='lat' dir='ltr'>quia</span> <span class='ocrx_word' id='word_1_131' title='bbox 627 2838 867 2929; x_wconf 87' lang='lat' dir='ltr'>praeceptum</span> <span class='ocrx_word' id='word_1_132' title='bbox 895 2829 1106 2928; x_wconf 81' lang='lat' dir='ltr'>aGeorgio</span> <span class='ocrx_word' id='word_1_133' title='bbox 1133 2833 1267 2926; x_wconf 86' lang='lat' dir='ltr'>fuerat,</span> <span class='ocrx_word' id='word_1_134' title='bbox 1296 2855 1343 2908; x_wconf 88' lang='lat' dir='ltr'>ne</span> <span class='ocrx_word' id='word_1_135' title='bbox 1371 2831 1454 2930; x_wconf 89' lang='lat' dir='ltr'>quis</span> <span class='ocrx_word' id='word_1_136' title='bbox 1488 2830 1591 2928; x_wconf 88' lang='lat' dir='ltr'>quid-</span> 
     </span>
     <span class='ocr_line' id='line_1_20' title="bbox 457 2955 1585 3055; baseline 0.001 -26"><span class='ocrx_word' id='word_1_137' title='bbox 457 2977 566 3051; x_wconf 90' lang='lat' dir='ltr'>quam</span> <span class='ocrx_word' id='word_1_138' title='bbox 585 2957 839 3053; x_wconf 84' lang='lat' dir='ltr'>responderet,</span> <span class='ocrx_word' id='word_1_139' title='bbox 859 2958 985 3035; x_wconf 88' lang='lat' dir='ltr'>tacitis</span> <span class='ocrx_word' id='word_1_140' title='bbox 1005 2959 1157 3034; x_wconf 87' lang='lat' dir='ltr'>auribus</span> <span class='ocrx_word' id='word_1_141' title='bbox 1177 2957 1415 3055; x_wconf 87' lang='lat' dir='ltr'>praeteriunt</span> <span class='ocrx_word' id='word_1_142' title='bbox 1435 2955 1497 3031; x_wconf 87' lang='lat' dir='ltr'>Ab</span> <span class='ocrx_word' id='word_1_143' title='bbox 1516 2979 1585 3055; x_wconf 91' lang='lat' dir='ltr'>spe</span> 
     </span>
     <span class='ocr_line' id='line_1_21' title="bbox 456 3080 1588 3182; baseline 0.002 -28"><span class='ocrx_word' id='word_1_144' title='bbox 456 3082 597 3180; x_wconf 89' lang='lat' dir='ltr'>repulsi</span> <span class='ocrx_word' id='word_1_145' title='bbox 619 3080 779 3176; x_wconf 80' lang='lat' dir='ltr'>Turcae,</span> <span class='ocrx_word' id='word_1_146' title='bbox 812 3083 860 3158; x_wconf 93' lang='lat' dir='ltr'>ad</span> <span class='ocrx_word' id='word_1_147' title='bbox 878 3091 1048 3182; x_wconf 77' lang='lat' dir='ltr'>coeptam</span> <span class='ocrx_word' id='word_1_148' title='bbox 1067 3082 1321 3160; x_wconf 81' lang='lat' dir='ltr'>crudelitatem</span> <span class='ocrx_word' id='word_1_149' title='bbox 1349 3082 1516 3174; x_wconf 89' lang='lat' dir='ltr'>redeunt,</span> <span class='ocrx_word' id='word_1_150' title='bbox 1534 3083 1588 3156; x_wconf 92' lang='lat' dir='ltr'>in-</span> 
     </span>
     <span class='ocr_line' id='line_1_22' title="bbox 459 3208 1583 3308; baseline 0.003 -29"><span class='ocrx_word' id='word_1_151' title='bbox 459 3208 657 3306; x_wconf 87' lang='lat' dir='ltr'>censisque</span> <span class='ocrx_word' id='word_1_152' title='bbox 685 3209 924 3286; x_wconf 80' lang='lat' dir='ltr'>circumcirca</span> <span class='ocrx_word' id='word_1_153' title='bbox 953 3211 1143 3305; x_wconf 88' lang='lat' dir='ltr'>omnibus,</span> <span class='ocrx_word' id='word_1_154' title='bbox 1174 3234 1269 3308; x_wconf 89' lang='lat' dir='ltr'>qnae</span> <span class='ocrx_word' id='word_1_155' title='bbox 1297 3209 1441 3285; x_wconf 89' lang='lat' dir='ltr'>absumi</span> <span class='ocrx_word' id='word_1_156' title='bbox 1469 3229 1583 3306; x_wconf 89' lang='lat' dir='ltr'>posse</span> 
     </span>
     <span class='ocr_line' id='line_1_23' title="bbox 461 3331 1587 3434; baseline 0.004 -29"><span class='ocrx_word' id='word_1_157' title='bbox 461 3331 692 3427; x_wconf 88' lang='lat' dir='ltr'>videbantur,</span> <span class='ocrx_word' id='word_1_158' title='bbox 711 3334 804 3411; x_wconf 90' lang='lat' dir='ltr'>nihil</span> <span class='ocrx_word' id='word_1_159' title='bbox 823 3358 949 3412; x_wconf 89' lang='lat' dir='ltr'>eorum</span> <span class='ocrx_word' id='word_1_160' title='bbox 969 3337 1147 3430; x_wconf 91' lang='lat' dir='ltr'>omittunt,</span> <span class='ocrx_word' id='word_1_161' title='bbox 1179 3360 1274 3434; x_wconf 89' lang='lat' dir='ltr'>quae</span> <span class='ocrx_word' id='word_1_162' title='bbox 1293 3337 1354 3411; x_wconf 87' lang='lat' dir='ltr'>vel</span> <span class='ocrx_word' id='word_1_163' title='bbox 1373 3335 1422 3410; x_wconf 93' lang='lat' dir='ltr'>ad</span> <span class='ocrx_word' id='word_1_164' title='bbox 1441 3334 1587 3432; x_wconf 88' lang='lat' dir='ltr'>capien-</span> 
     </span>
    </p>
   </div>
   <div class='ocr_carea' id='block_1_5' title="bbox 456 3457 1589 3665">
    <p class='ocr_par' dir='ltr' id='par_1_5' title="bbox 456 3457 1589 3665">
     <span class='ocr_line' id='line_1_24' title="bbox 462 3457 1589 3553; baseline 0.002 -21"><span class='ocrx_word' id='word_1_165' title='bbox 462 3457 545 3532; x_wconf 88' lang='lat' dir='ltr'>dam</span> <span class='ocrx_word' id='word_1_166' title='bbox 563 3461 702 3553; x_wconf 87' lang='lat' dir='ltr'>orbem,</span> <span class='ocrx_word' id='word_1_167' title='bbox 730 3461 791 3536; x_wconf 84' lang='lat' dir='ltr'>vel</span> <span class='ocrx_word' id='word_1_168' title='bbox 820 3462 869 3538; x_wconf 85' lang='lat' dir='ltr'>sd</span> <span class='ocrx_word' id='word_1_169' title='bbox 896 3465 1091 3540; x_wconf 90' lang='lat' dir='ltr'>terrendos</span> <span class='ocrx_word' id='word_1_170' title='bbox 1112 3465 1352 3541; x_wconf 90' lang='lat' dir='ltr'>obsessorum</span> <span class='ocrx_word' id='word_1_171' title='bbox 1372 3463 1515 3538; x_wconf 88' lang='lat' dir='ltr'>animos</span> <span class='ocrx_word' id='word_1_172' title='bbox 1533 3461 1589 3534; x_wconf 83' lang='lat' dir='ltr'>fa·</span> 
     </span>
     <span class='ocr_line' id='line_1_25' title="bbox 456 3582 830 3665; baseline 0.013 -8"><span class='ocrx_word' id='word_1_173' title='bbox 456 3605 542 3660; x_wconf 88' lang='lat' dir='ltr'>cere</span> <span class='ocrx_word' id='word_1_174' title='bbox 560 3582 830 3665; x_wconf 85' lang='lat' dir='ltr'>indicabantur.</span> 
     </span>
    </p>
   </div>
   <div class='ocr_carea' id='block_1_6' title="bbox 1007 3799 1129 3808">
    <p class='ocr_par' dir='ltr' id='par_1_6' title="bbox 1007 3799 1129 3808">
     <span class='ocr_line' id='line_1_26' title="bbox 1007 3799 1129 3808; baseline 0.016 -3"><span class='ocrx_word' id='word_1_175' title='bbox 1007 3799 1129 3808; x_wconf 73' lang='grc'>....-.--</span> 
     </span>
    </p>
   </div>
   <div class='ocr_carea' id='block_1_7' title="bbox 773 3981 1266 4064">
    <p class='ocr_par' dir='ltr' id='par_1_7' title="bbox 773 3981 1266 4064">
     <span class='ocr_line' id='line_1_27' title="bbox 773 3981 1266 4064; baseline -0.006 -3"><span class='ocrx_word' id='word_1_176' title='bbox 773 3981 951 4064; x_wconf 81' lang='lat' dir='ltr'><strong>OAPV&#39;P</strong></span> <span class='ocrx_word' id='word_1_177' title='bbox 980 3985 1266 4063; x_wconf 83' lang='lat' dir='ltr'><strong>SEPTIMVM.</strong></span> 
     </span>
    </p>
   </div>
   <div class='ocr_carea' id='block_1_8' title="bbox 456 4161 1737 4270">
    <p class='ocr_par' dir='ltr' id='par_1_8' title="bbox 456 4161 1737 4270">
     <span class='ocr_line' id='line_1_28' title="bbox 456 4161 1737 4270; baseline -0.001 -32"><span class='ocrx_word' id='word_1_178' title='bbox 456 4161 515 4238; x_wconf 83' lang='lat' dir='ltr'>De</span> <span class='ocrx_word' id='word_1_179' title='bbox 526 4165 648 4265; x_wconf 73' lang='lat' dir='ltr'>pulsis</span> <span class='ocrx_word' id='word_1_180' title='bbox 676 4165 722 4240; x_wconf 83' lang='lat' dir='ltr'>ab</span> <span class='ocrx_word' id='word_1_181' title='bbox 750 4166 931 4242; x_wconf 79' lang='lat' dir='ltr'>obsidione</span> <span class='ocrx_word' id='word_1_182' title='bbox 949 4169 1125 4266; x_wconf 79' lang='lat' dir='ltr'>Lippeasi</span> <span class='ocrx_word' id='word_1_183' title='bbox 1147 4167 1275 4242; x_wconf 76' lang='lat' dir='ltr'>Taurois</span> <span class='ocrx_word' id='word_1_184' title='bbox 1295 4180 1400 4264; x_wconf 84' lang='lat' dir='ltr'>otqoc</span> <span class='ocrx_word' id='word_1_185' title='bbox 1426 4165 1592 4241; x_wconf 77' lang='lat' dir='ltr'>Tortoris</span> <span class='ocrx_word' id='word_1_186' title='bbox 1736 4229 1737 4270; x_wconf 29' lang='grc' dir='ltr'>ἶ</span> 
     </span>
    </p>
   </div>
   <div class='ocr_carea' id='block_1_9' title="bbox 480 4288 1564 4392">
    <p class='ocr_par' dir='ltr' id='par_1_9' title="bbox 480 4288 1564 4392">
     <span class='ocr_line' id='line_1_29' title="bbox 480 4288 1564 4392; baseline 0.005 -32"><span class='ocrx_word' id='word_1_187' title='bbox 480 4312 550 4386; x_wconf 84' lang='lat' dir='ltr'>par</span> <span class='ocrx_word' id='word_1_188' title='bbox 579 4288 848 4389; x_wconf 67' lang='lat' dir='ltr'>Traaqlooaos</span> <span class='ocrx_word' id='word_1_189' title='bbox 873 4293 1161 4392; x_wconf 84' lang='lat' dir='ltr'>Tdmdsvoroqoc</span> <span class='ocrx_word' id='word_1_190' title='bbox 1178 4293 1233 4366; x_wconf 83' lang='lat' dir='ltr'>&#39;ob</span> <span class='ocrx_word' id='word_1_191' title='bbox 1262 4289 1390 4368; x_wconf 80' lang='lat' dir='ltr'>iisdem</span> <span class='ocrx_word' id='word_1_192' title='bbox 1416 4291 1564 4366; x_wconf 83' lang='lat' dir='ltr'>obsesso.</span> 
     </span>
    </p>
   </div>
   <div class='ocr_carea' id='block_1_10' title="bbox 447 4469 1592 4819">
    <p class='ocr_par' dir='ltr' id='par_1_10' title="bbox 447 4469 1592 4819">
     <span class='ocr_line' id='line_1_30' title="bbox 447 4469 1590 4572; baseline 0.003 -30"><span class='ocrx_word' id='word_1_193' title='bbox 447 4521 453 4531; x_wconf 85' lang='lat'><em>-</em></span> <span class='ocrx_word' id='word_1_194' title='bbox 562 4469 745 4570; x_wconf 88' lang='lat' dir='ltr'>Princeps</span> <span class='ocrx_word' id='word_1_195' title='bbox 764 4476 929 4572; x_wconf 79' lang='lat' dir='ltr'>acceptis</span> <span class='ocrx_word' id='word_1_196' title='bbox 949 4470 1150 4568; x_wconf 78' lang='lat' dir='ltr'>aGeorgio</span> <span class='ocrx_word' id='word_1_197' title='bbox 1169 4472 1301 4564; x_wconf 88' lang='lat' dir='ltr'>literis,</span> <span class='ocrx_word' id='word_1_198' title='bbox 1322 4471 1505 4567; x_wconf 89' lang='lat' dir='ltr'>simulque</span> <span class='ocrx_word' id='word_1_199' title='bbox 1528 4495 1590 4546; x_wconf 86' lang='lat' dir='ltr'>va·</span> 
     </span>
     <span class='ocr_line' id='line_1_31' title="bbox 456 4593 1585 4698; baseline 0.002 -30"><span class='ocrx_word' id='word_1_200' title='bbox 456 4593 523 4668; x_wconf 92' lang='lat' dir='ltr'>riis</span> <span class='ocrx_word' id='word_1_201' title='bbox 549 4594 733 4675; x_wconf 91' lang='lat' dir='ltr'>hominum</span> <span class='ocrx_word' id='word_1_202' title='bbox 765 4601 908 4676; x_wconf 87' lang='lat' dir='ltr'>nunciis</span> <span class='ocrx_word' id='word_1_203' title='bbox 937 4601 981 4675; x_wconf 92' lang='lat' dir='ltr'>de</span> <span class='ocrx_word' id='word_1_204' title='bbox 1009 4597 1315 4698; x_wconf 88' lang='lat' dir='ltr'>praesentissimo</span> <span class='ocrx_word' id='word_1_205' title='bbox 1344 4596 1585 4696; x_wconf 87' lang='lat' dir='ltr'>Lippensium</span> 
     </span>
     <span class='ocr_line' id='line_1_32' title="bbox 455 4721 1592 4819; baseline 0.005 -25"><span class='ocrx_word' id='word_1_206' title='bbox 455 4721 621 4819; x_wconf 88' lang='lat' dir='ltr'>periculo</span> <span class='ocrx_word' id='word_1_207' title='bbox 641 4724 802 4815; x_wconf 57' lang='lat' dir='ltr'>edoctus2</span> <span class='ocrx_word' id='word_1_208' title='bbox 825 4728 951 4804; x_wconf 90' lang='lat' dir='ltr'>statim</span> <span class='ocrx_word' id='word_1_209' title='bbox 980 4727 1164 4805; x_wconf 89' lang='lat' dir='ltr'>Procercs</span> <span class='ocrx_word' id='word_1_210' title='bbox 1184 4748 1310 4806; x_wconf 88' lang='lat' dir='ltr'>omnes</span> <span class='ocrx_word' id='word_1_211' title='bbox 1330 4747 1410 4802; x_wconf 91' lang='lat' dir='ltr'>cum</span> <span class='ocrx_word' id='word_1_212' title='bbox 1429 4731 1508 4802; x_wconf 85' lang='lat' dir='ltr'>tota</span> <span class='ocrx_word' id='word_1_213' title='bbox 1528 4747 1592 4800; x_wconf 92' lang='lat' dir='ltr'>no·</span> 
     </span>
    </p>
   </div>
   <div class='ocr_carea' id='block_1_11' title="bbox 0 0 1818 5534">
    <p class='ocr_par' dir='ltr' id='par_1_11' title="bbox 0 0 1818 5534">
     <span class='ocr_line' id='line_1_33' title="bbox 0 0 1818 5534; baseline 0 1"><span class='ocrx_word' id='word_1_214' title='bbox 0 0 1818 5534; x_wconf 95' lang='lat' dir='ltr'> </span> 
     </span>
    </p>
   </div>
  </div>
 </body>
</html>
