3625 5534
484 478 562 556 248
891 501 941 554 10.
960 501 1062 552 nucu
1081 500 1229 554 nsaovn

479 677 589 754 tionis
614 676 737 773 capita
763 676 929 751 resecari
956 677 1069 752 iubet.
1098 676 1295 755 Advenerc
1322 671 1508 780 inprimis
1531 687 1602 762 Vr-

477 803 689 901 strhelyum
709 801 920 901 Stephanus
933 802 1115 878 Tholdius
1126 803 1595 907 etBalthasarBogatlrius,

478 929 746 1028 propositoque
773 928 920 1026 publico
958 928 1099 1021 edicto,
1128 929 1359 1026 singulorum
1387 935 1602 1032 oppidorum

480 1076 735 1155 pagorumque
754 1053 895 1128 iudices
927 1061 1037 1151 atque
1062 1054 1245 1153 primores
1274 1058 1342 1134 sub
1360 1060 1513 1157 publica
1530 1063 1601 1140 fide

476 1181 525 1257 ad
545 1204 587 1257 se
607 1180 733 1257 venire
761 1181 957 1258 iusserunt.
986 1178 1137 1256 Affuere
1165 1183 1330 1259 nonnulli
1361 1207 1483 1264 eorum
1514 1199 1551 1264 et
1579 1217 1600 1266 a

475 1306 637 1382 Tholdio
674 1304 933 1403 Bogatlrioque
976 1307 1014 1378 in
1042 1305 1191 1404 publico
1220 1329 1400 1386 consessu
1426 1311 1600 1390 admoniti
1676 1289 1685 1308 ⁸

474 1438 590 1528 fuere,
609 1443 649 1510 ut
683 1434 810 1511 allatis
829 1435 1025 1532 tympanis,
1044 1433 1205 1526 vexillis,
1235 1461 1279 1510 ac
1308 1438 1524 1514 bombardis
1553 1441 1599 1517 ad

473 1561 584 1637 fidem
603 1559 772 1635 Dominis
803 1558 883 1633 suis
902 1582 949 1633 ex
970 1560 1201 1658 praescripto
1220 1559 1404 1661 Principis
1423 1587 1468 1638 ac
1487 1564 1598 1640 Ordi-

474 1711 559 1764 num
569 1686 691 1782 Regni
710 1687 820 1762 solito
838 1708 941 1761 more
959 1686 1224 1783 praestandam
1243 1689 1414 1764 redirent.
1435 1688 1598 1768 Parcere

473 1812 650 1905 nonnulli,
669 1798 715 1887 ac
723 1812 918 1888 formidine
927 1834 1070 1908 poenae
1089 1810 1237 1887 adducti
1254 1812 1597 1913 iussapraestitere.

436 1965 440 1972 ·
474 1939 549 2016 Sed
577 1962 657 2014 cum
684 1939 850 2014 nonnulli
878 1960 1002 2013 eorum
1027 1938 1265 2014 refractarios
1294 1961 1336 2014 se
1364 1941 1598 2038 praeberent,

474 2075 512 2142 et
548 2066 725 2142 authores
761 2062 954 2139 seditionis
991 2064 1028 2137 in
1062 2063 1295 2168 posteritatis
1342 2062 1598 2144 documentum
1734 2159 1735 2174 Ν

473 2192 618 2267 omnino
637 2188 812 2289 puniendi
831 2187 1054 2280 viderentur,
1074 2187 1198 2263 missis
1218 2197 1338 2282 noctu,
1359 2213 1432 2287 quo
1447 2192 1597 2269 facilius
1734 2279 1735 2284 η

470 2318 608 2396 incauti
635 2315 897 2415 comprehendi
915 2322 1080 2413 possent,
1101 2314 1283 2389 Tholdius
1312 2337 1356 2389 ac
1375 2315 1596 2413 Bogathius,
1734 2293 1735 2366 Γ

471 2444 584 2521 certis
604 2444 766 2541 equitum
783 2442 1017 2539 peditumque
1037 2437 1261 2534 cohortibus,
1281 2440 1458 2518 authores
1478 2446 1596 2520 rebel·
1734 2447 1735 2504 i

469 2570 579 2646 lionis
597 2571 634 2646 in
654 2571 811 2666 singulis
838 2569 947 2668 pagis
975 2567 1186 2642 nominatim
1212 2569 1482 2666 comprehendi,
1513 2594 1595 2646 cau-

468 2717 587 2792 saque
604 2695 763 2793 cognita,
783 2695 899 2770 variis
919 2692 1182 2793 suppliciorum
1207 2695 1416 2790 generibus,
1446 2720 1521 2772 non
1548 2698 1596 2772 oi·

468 2830 527 2897 tra
555 2821 787 2897 crudelitatis
816 2821 1005 2896 cuiusdam
1036 2819 1344 2916 significationem
1369 2819 1469 2896 affici
1490 2845 1593 2898 cura-

467 2956 563 3023 runt.
591 2949 680 3025 Mox
709 2948 895 3023 universis
922 2971 970 3021 ac
998 2946 1156 3043 singulis
1184 2946 1222 3020 in
1250 2947 1339 3020 sede
1368 2947 1595 3024 Marusiensi

470 3073 609 3150 Siculis
647 3081 880 3150 sacramento
918 3071 1145 3148 iureiurandi
1174 3073 1221 3146 ad
1259 3073 1438 3170 obsequia
1467 3076 1594 3148 Domi·

397 3196 403 3209 '
464 3223 593 3278 norum
612 3202 767 3292 adactis,
800 3202 937 3277 Albam
964 3199 1049 3275 inde
1068 3199 1331 3274 discesserunt.
1369 3198 1454 3272 Non
1475 3201 1592 3277 minus

463 3327 608 3402 interea
627 3329 850 3404 ctNicolaus
865 3326 1032 3426 Apafius,
1052 3326 1189 3402 certior
1208 3325 1254 3400 de
1273 3324 1480 3421 pertinacia
1492 3323 1590 3425 Gyr-

462 3452 631 3548 gensium
650 3455 698 3529 ab
709 3454 994 3530 AndreaLaztr
1011 3454 1145 3545 factus,
1163 3450 1331 3528 collectis
1341 3450 1490 3526 circiter
1505 3452 1592 3529 duo-

463 3578 534 3654 bus
555 3581 717 3677 equitum
744 3583 981 3681 peditumque
1006 3579 1179 3668 millibus,
1210 3577 1377 3654 adhibita
1396 3579 1590 3655 eeleritate

461 3716 615 3783 conatus
633 3731 759 3784 eorum
778 3708 992 3807 praevenit,
1021 3715 1057 3782 et
1083 3706 1122 3781 in
1141 3727 1281 3781 summo
1302 3704 1451 3804 Alpium
1482 3728 1590 3782 cacu-

460 3835 556 3908 mine
585 3844 710 3911 castra
737 3832 851 3932 ponit.
880 3832 1113 3910 Audivcrant
1150 3831 1246 3906 enim
1275 3830 1471 3907 adventum
1508 3832 1589 3906 eius

461 3954 588 4053 Siculi,
616 3959 801 4056 factisque
821 3958 1041 4036 coitionibus
1060 3959 1098 4033 in
1118 3957 1235 4034 vicum
1255 3955 1387 4052 Ujlalu
1406 3977 1589 4032 convene-

375 4153 389 4176 ‚
457 4090 552 4176 rant,
571 4092 612 4158 ut
629 4085 798 4182 sequenti
818 4080 943 4160 statim
963 4087 1044 4160 luce
1063 4084 1197 4161 itinera
1212 4082 1374 4180 Alpium,
1395 4081 1530 4179 quibus
1551 4083 1589 4156 in
1733 4154 1734 4171 ,

456 4209 648 4305 regionem
675 4210 777 4286 illam
805 4210 1084 4307 ingrediendum
1113 4216 1205 4301 erat,
1238 4207 1485 4283 obstruerent.
1528 4209 1587 4284 In-

455 4333 564 4409 terim
583 4359 664 4412 eam
691 4344 807 4413 totam
824 4345 971 4415 noctem
998 4336 1241 4413 immoderato
1270 4331 1474 4410 cerevisiae
1494 4343 1587 4433 potu

455 4457 659 4536 insomnem
687 4464 940 4556 traduxerant,
971 4463 1104 4541 mutuis
1134 4486 1218 4539 sese
1255 4459 1418 4559 poculis,
1447 4467 1488 4534 ut
1526 4467 1587 4536 est

454 4605 534 4659 mos
554 4610 679 4665 eorum
698 4592 809 4689 plane
828 4594 1023 4682 barbarus,
1044 4593 1092 4666 ad
1111 4589 1255 4665 fortiter
1265 4585 1502 4686 pugnandum
1523 4609 1583 4662 co·

454 4710 602 4802 hortati,
631 4723 667 4788 ct
695 4717 802 4813 quasi
831 4718 903 4794 ianr
932 4719 968 4792 in
989 4716 1157 4792 nrarribns
1176 4713 1368 4790 victoriam
1388 4712 1584 4806 haberent,
