3625 5534
458 484 537 561 204
869 504 918 553 10.
939 503 1039 554 nucu
1057 503 1210 554 nusovrr

457 705 539 757 nem
557 678 724 756 aancis
744 635 936 770 defecisse,
964 685 1118 774 ortaque
1136 678 1324 754 simultate
1343 678 1391 753 ab
1402 679 1569 776 Vngaris

458 808 507 883 ad
524 806 732 904 Principem
753 805 1097 903 Transylvanorum
1117 825 1203 879 esse
1235 804 1397 880 missum.
1427 803 1578 881 Succes-

456 933 559 1008 sitsi
577 933 724 1028 quidem
752 940 884 1028 postea
911 931 1052 1029 pariter
1081 929 1248 1027 proditor
1274 931 1419 1006 nominc
1449 930 1578 1007 Patrio

456 1057 679 1155 Stephanus,
700 1056 859 1131 Turcico
879 1054 1102 1145 Rormanns,
1123 1056 1184 1152 qui
1204 1079 1285 1130 cum
1302 1056 1445 1132 viribus
1456 1056 1577 1132 Tran-

456 1185 695 1283 sylvanornm
715 1173 900 1281 coepisset
926 1179 1067 1256 vicmas
1087 1179 1246 1256 ditiones
1271 1182 1477 1258 Turcarum
1505 1183 1576 1256 Im-

456 1309 638 1408 peratoris
660 1308 850 1400 infestare,
870 1305 1022 1404 scripsit
1039 1305 1088 1378 ad
1105 1328 1163 1379 me
1181 1305 1334 1378 inanem
1347 1327 1462 1380 ‘sunm
1486 1302 1580 1381 an-

456 1457 530 1524 sar,
550 1443 590 1509 nt
610 1432 874 1532 quamprimum
885 1430 1157 1505 inMoldaviam
1167 1431 1373 1528 irrumpens
1387 1430 1578 1528 perfidiam

456 1583 581 1637 eorum
605 1559 766 1658 puniam,
795 1556 1085 1654 provinciaeque
1103 1578 1238 1630 novum
1258 1579 1301 1629 ac
1316 1558 1578 1654 obsequentem

456 1686 665 1762 Palatinum
683 1683 907 1780 praeficiam.
943 1682 1027 1756 Hoc
1044 1683 1082 1756 in
1101 1682 1284 1756 mandatis
1304 1682 1466 1758 habens:
1495 1684 1579 1778 Ego

312 1911 315 1918 y
455 1811 580 1908 magni
598 1809 758 1889 Domini,
790 1831 951 1904 magnae
978 1805 1104 1882 Ordae
1131 1830 1287 1902 magnus
1316 1804 1432 1882 Oham
1463 1806 1579 1883 Kari-

455 1936 562 2029 kirei,
600 1959 680 2010 oum
716 1935 838 2008 fratrc
866 1954 947 2008 meo
984 1931 1164 2010 Jezikirei
1199 1929 1337 2030 Galga,
1371 1934 1580 2031 ceterisque

453 2061 631 2137 iratribus
650 2057 746 2132 meis
766 2066 803 2132 et
822 2057 1060 2147 consiliariis,
1080 2057 1246 2148 ducibus,
1265 2057 1453 2134 etMurnis
1473 2058 1579 2132 belli·

455 2185 553 2262 cosis
589 2208 634 2260 ao
653 2183 910 2278 magnanimis,
931 2205 1026 2279 equo
1047 2206 1128 2257 meo
1158 2205 1370 2273 conscenso,
1397 2206 1471 2259 una
1499 2207 1579 2258 cnm

454 2313 619 2388 exercitu
639 2333 719 2385 meo
739 2309 905 2384 venimus
925 2310 962 2383 in
983 2307 1211 2385 Moldaviam
1238 2312 1286 2385 ad
1307 2309 1411 2386 Pruti
1433 2310 1580 2400 flumen,

454 2441 617 2515 obicum
637 2437 713 2512 alio
732 2435 880 2510 flumine
900 2432 1044 2512 Cocora
1064 2437 1162 2512 dicto
1190 2437 1363 2533 iungitur.
1392 2437 1465 2512 Hic
1493 2437 1581 2512 inci-

455 2564 573 2637 dimus
600 2564 637 2636 in
665 2560 812 2634 fidelem
845 2567 945 2636 tuum
973 2563 1192 2637 servitorem
1228 2563 1382 2637 fratrem
1415 2571 1580 2638 nostrum

454 2687 750 2766 Cancellarium:
779 2686 841 2782 qui
869 2687 980 2760 etiam
1009 2686 1121 2784 paulo
1149 2687 1252 2785 prius
1292 2710 1402 2783 quam
1439 2710 1509 2764 nos
1543 2691 1585 2763 in·

457 2811 680 2888 Moldaviam
701 2816 864 2884 venerat.
888 2808 980 2884 Cum
1009 2833 1080 2908 quo
1109 2820 1194 2909 post
1221 2811 1339 2886 levem
1367 2811 1582 2888 altercatio-
1730 2902 1731 2911 ἵ

453 2962 536 3014 nem
554 2937 617 3012 ubi
636 2935 755 3011 lenius
776 2960 889 3032 agere
910 2936 1026 3034 coepi,
1046 2935 1273 3031 significavit
1300 2934 1399 3028 mibi,
1428 2958 1471 3012 se
1495 2938 1579 3012 ideo

451 3065 489 3139 in
508 3063 694 3140 Valachia
712 3062 871 3152 versari,
891 3069 932 3136 ut
950 3085 996 3136 ex
1025 3061 1175 3158 antiquo
1195 3060 1374 3136 Poloniae
1402 3060 1484 3138 iure
1512 3062 1582 3136 Pa·

372 3261 374 3266 .
452 3189 604 3264 latinum
623 3187 807 3278 restituat,
836 3186 937 3261 nullo
966 3186 1193 3284 praeiudicio
1220 3185 1319 3261 facto
1348 3185 1394 3259 de
1423 3187 1581 3262 foederi-

454 3316 525 3388 bus
546 3336 641 3409 qnae
662 3334 742 3386 cum
761 3313 993 3410 Imperatore
1012 3311 1217 3387 Turcarnm
1234 3312 1428 3386 habentur.
1448 3311 1582 3408 Itaque

455 3458 589 3533 cupere
609 3457 661 3526 se,
680 3441 720 3510 ut
738 3434 962 3528 Hieremias,
983 3459 1090 3533 quem
1114 3437 1187 3511 iam
1207 3434 1416 3511 Palatinum
1447 3437 1581 3512 consti-

453 3561 597 3653 tuisset,
627 3561 660 3635 ei
690 3561 905 3659 provinciae
942 3569 1152 3660 praeesset,
1190 3561 1424 3657 amicitiaque
1462 3570 1580 3650 vetus,

453 3686 575 3783 qualis
604 3686 673 3760 sub
694 3683 854 3762 antano
875 3683 1102 3783 Solymanno
1122 3684 1336 3783 Chamoque
1369 3685 1583 3761 Danulesk·

453 3812 569 3909 gordo
589 3821 705 3911 pacta
722 3812 802 3900 fuit,
823 3812 982 3886 fideliter
1002 3820 1183 3887 servetur.
1202 3811 1311 3903 Quod
1330 3834 1410 3886 cum
1429 3833 1503 3907 ego
1513 3834 1581 3909 pro

453 3956 534 4010 mea
570 3943 675 4032 parte
710 3959 768 4009 me
795 3935 977 4032 facturum
1004 3935 1205 4026 iurassem‚
1234 3936 1371 4032 illeque
1400 3936 1582 4019 similiter,

451 4059 546 4133 idem
566 4060 690 4150 asnis,
711 4081 808 4156 quos
829 4061 878 4135 ad
899 4084 957 4135 me
968 4061 1121 4150 miserat
1138 4061 1262 4136 iurare
1280 4061 1443 4152 fecisset,
1456 4061 1582 4136 decre·
1637 4045 1641 4052 ¹

451 4183 569 4258 vimus
589 4183 706 4276 simul,
735 4192 775 4259 ut
802 4185 950 4260 Kozaci
980 4193 1083 4260 trans
1104 4185 1278 4261 Nostrum
1305 4185 1453 4283 penitus
1483 4186 1581 4262 dele·

452 4316 569 4399 antur,
590 4331 635 4382 so
654 4309 760 4402 donn,
780 4334 875 4407 qnae
894 4312 981 4385 olim
999 4312 1073 4386 iam
1092 4311 1177 4385 inde
1197 4336 1220 4384 a
1240 4307 1472 4407 Solymanno
1491 4311 1586 4386 mitti

449 4435 557 4507 nobis
595 4435 705 4510 solita
743 4445 836 4529 sunt,
866 4437 1065 4534 quotannis
1093 4435 1310 4526 reddantur,
1339 4435 1517 4532 nullaque
1546 4436 1583 4510 in

449 4565 641 4653 posterum
675 4559 808 4634 damna
835 4561 974 4636 nostris
1021 4561 1220 4635 ditionibus
1257 4560 1473 4634 inferantur.
1511 4559 1584 4634 His

450 4681 726 4780 conditionibus
755 4687 926 4760 consensi
956 4693 993 4761 et
1026 4687 1121 4782 Ego,
1149 4696 1189 4758 ut
1216 4709 1262 4758 ex
1290 4685 1480 4760 voluntate
1501 4685 1585 4759 Tua
