3625 5534
438 475 518 553 326
833 494 881 545 ro.
902 494 1002 546 naen
1022 496 1172 549 asaovn

432 674 562 748 lutura
581 678 845 769 cognoverant,
864 671 1071 746 neoeasibi
1085 672 1319 772 expectanda
1337 675 1573 747 censuerant.

439 796 514 873 Sed
532 798 661 896 paucis
678 804 765 894 post
782 796 971 872 mensibus
1000 799 1121 873 caesis
1148 798 1407 896 praesidiariis
1436 793 1571 870 eadem

439 901 508 1000 arx
525 924 563 999 in
581 924 804 1027 potestatem
822 923 1075 1002 Barbarorum
1093 923 1251 1000 devenit.

887 1211 1109 1226 -—-

801 1427 977 1504 OAPVT
1006 1427 1207 1506 NONVM.

490 1613 549 1689 Dc
568 1612 724 1686 victorio
744 1612 1022 1711 Iacpcsieasiom
1042 1637 1085 1685 aa
1102 1611 1286 1686 Barbarie
1304 1623 1503 1708 reportato.

547 1795 632 1869 Hac
651 1793 855 1891 ignominia
882 1793 1108 1892 repulsaque
1136 1799 1256 1869 motus
1275 1792 1408 1882 Bassa,
1438 1793 1572 1868 statuit

436 1917 557 2018 prima
575 1942 722 2018 quaque
733 1918 928 1995 occasione
948 1920 1142 2016 praeclaro
1153 1919 1279 2014 aliquo
1295 1918 1572 1994 facinorehanc

437 2045 627 2144 repulsam
647 2066 899 2144 compensare.
920 2043 989 2120 Cui
1009 2043 1065 2119 rei
1074 2045 1269 2138 transfuga
1280 2042 1428 2141 quidam
1439 2039 1571 2118 Chris-

438 2172 559 2246 tianus
588 2193 718 2245 ansam
746 2169 932 2267 praebuit.
951 2169 991 2244 ls
1009 2177 1113 2244 ratus
1131 2167 1224 2243 nihil
1244 2191 1286 2243 se
1305 2169 1388 2242 Deo
1408 2168 1572 2264 patriae·

438 2321 510 2394 que
555 2297 698 2394 gratius
725 2298 927 2390 facturum,
957 2319 1066 2395 quam
1095 2296 1127 2370 si
1169 2295 1373 2371 Christiani
1409 2296 1569 2371 nominis

437 2424 609 2500 hostibus
629 2424 726 2518 dolo,
754 2425 901 2517 virtute,
934 2426 995 2499 vel
1014 2445 1232 2522 quacunque
1250 2421 1395 2498 rohone
1414 2422 1490 2496 alia
1508 2445 1573 2520 pc·

437 2551 592 2627 riculnm
619 2561 782 2627 crearet:
822 2551 993 2626 simulato
1031 2571 1180 2625 snorum
1209 2548 1304 2640 odio,
1333 2549 1492 2622 Bassam
1510 2571 1572 2622 ac

439 2677 554 2765 cedit,
592 2679 701 2774 eique
728 2678 931 2774 persuadet
959 2699 1020 2769 se,
1049 2677 1081 2752 si
1110 2674 1329 2751 selectiores
1363 2676 1572 2750 Turcarum

438 2802 681 2900 irruptionem
704 2805 742 2878 in
770 2804 1005 2900 Lugasiense
1030 2802 1203 2901 oppidum
1230 2803 1407 2893 facerent,
1443 2801 1574 2875 ducem

440 2927 496 3003 eis
514 2927 685 3004 futurum.
714 2929 823 3004 Nunc
841 2928 1028 3003 civitatem
1056 2926 1245 3026 praesidio
1274 2927 1499 3018 destitutam,
1528 2949 1577 3000 ac

440 3055 527 3133 vino
547 3077 748 3154 somnoque
772 3078 864 3154 prae
883 3056 1083 3131 securitate
1111 3055 1272 3155 sopitam
1301 3056 1403 3129 nullo
1422 3054 1576 3152 negotio

442 3181 551 3279 diripi
581 3203 706 3280 posse.
737 3181 784 3255 Id
812 3203 922 3279 quum
940 3181 1086 3256 Bassae
1115 3179 1252 3280 oppido
1280 3203 1389 3278 quam
1413 3179 1578 3255 maxime

441 3307 657 3406 placuisset,
678 3328 760 3381 eum
778 3329 908 3382 rursus
937 3307 1053 3400 abire,
1082 3329 1127 3382 ac
1156 3306 1277 3380 omnia
1304 3306 1499 3402 explorata
1516 3329 1577 3382 re-

441 3434 541 3508 ferre
568 3432 680 3506 iubet.
717 3434 757 3507 Is
785 3433 833 3507 ed
861 3433 1051 3508 Andream
1078 3434 1297 3509 Barcsaium
1325 3434 1421 3508 clam
1448 3434 1576 3532 prole·

442 3566 537 3651 ctus,
572 3580 650 3633 rem
667 3581 808 3635 omnem
837 3561 872 3636 ei
900 3553 1040 3658 aperit,
1079 3567 1116 3635 et
1144 3559 1232 3658 quid
1259 3560 1359 3634 facto
1388 3580 1483 3658 opus
1513 3557 1575 3638 sits

442 3682 598 3759 candide
626 3682 822 3779 significat.
859 3683 949 3759 Mor
978 3683 1025 3758 ad
1053 3683 1213 3759 Bassam
1245 3705 1422 3758 reversus
1451 3685 1580 3760 omnia

442 3817 524 3886 tuta
541 3817 653 3908 atque
672 3831 804 3886 secura
823 3831 908 3885 esse
927 3812 1053 3886 refert.
1094 3813 1133 3886 Is
1160 3811 1362 3909 assumptis
1381 3809 1482 3886 mille
1500 3817 1579 3888 tre-

443 3937 561 4012 centis
579 3937 905 4014 selectissimornm
933 3961 981 4013 ex
1008 3938 1106 4012 omni
1129 3959 1280 4012 numero
1309 3936 1471 4034 equitum
1494 3936 1579 4012 sine

443 4063 566 4160 galeis
602 4069 713 4160 atque
758 4062 984 4156 thoracibus,
1015 4063 1130 4138 ueluti
1166 4062 1345 4161 praedam
1382 4060 1463 4136 sine
1498 4063 1578 4138 ullo

445 4187 588 4288 praelio
616 4188 846 4285 direpturus,
880 4189 1014 4264 itinere
1042 4196 1121 4265 tote
1149 4195 1257 4264 nocte
1294 4190 1392 4264 lacto
1421 4187 1577 4283 Lugaso

446 4314 730 4412 appropinquat.
751 4311 827 4389 Sed
843 4313 917 4389 iam
938 4311 1139 4389 Barcsaius
1153 4311 1580 4403 ethransebesienses,

446 4439 643 4537 oppidanis
662 4440 913 4537 praemonitis,
922 4441 960 4514 in
980 4441 1051 4516 duo
1071 4439 1238 4540 copiolas
1258 4463 1346 4514 snas
1367 4437 1579 4535 agminadi-

446 4567 621 4656 viserant,
642 4588 687 4639 ac
704 4564 751 4641 iis
769 4567 808 4640 in
827 4565 973 4642 insidiis
1002 4573 1104 4641 stare
1133 4566 1329 4640 iusserant.
1359 4564 1581 4640 Iniunxerat

448 4686 651 4768 Barcsaius
674 4691 785 4770 etiam
802 4691 989 4790 provisori
1008 4690 1253 4788 Lugasiensis
1273 4689 1430 4782 castelli,
1457 4695 1498 4763 ut
1525 4687 1580 4762 si·
