3625 5534
475 470 535 520 ns.
554 470 636 522 aaa.
657 471 742 522 vno.
761 470 843 521 nac.
864 471 898 523 a.
919 471 952 520 n.
974 471 1007 519 v.
1251 441 1300 518 91

190 653 267 729 tam,
288 644 324 719 in
341 644 495 720 nihilum
515 647 697 719 curabunt
716 645 963 740 redigendam.
986 643 1069 718 Hac
1088 643 1133 716 de
1151 665 1191 716 re
1212 641 1303 716 nihil

194 771 337 868 amplius
356 770 591 866 cogitandum
611 771 646 844 ei
665 792 759 862 esse,
797 777 937 844 tantum
961 769 998 843 id
1019 767 1228 856 curandum,
1265 773 1305 840 ut

194 895 356 970 mandata
375 895 559 994 expediat,
578 896 737 972 hostium
765 903 888 971 terras
918 895 955 969 in
980 893 1190 969 vastitatem
1208 891 1303 966 redi-

196 1029 263 1118 gat,
280 1029 316 1095 et
333 1045 407 1118 qua
426 1021 485 1096 die
504 1022 575 1098 iter
594 1023 833 1125 ingressurus
852 1023 912 1116 sit,
933 1022 967 1096 ei
986 1019 1177 1120 significet.

641 1256 692 1265 ι--ο
701 1250 835 1265 nm

513 1437 689 1514 CAPVT
717 1438 971 1515 TERTIVM.

264 1600 389 1678 Oratio
407 1603 623 1678 Madumetr's
641 1604 692 1676 cd
708 1603 918 1698 Principem
952 1600 1234 1699 stenoptooaom

670 1741 825 1801 veterato.

297 1907 425 1984 Oratio
436 1905 590 1982 Chausii
607 1908 830 1986 Mahometis
849 1907 908 1982 his
928 1907 1059 1980 similis
1077 1906 1157 1998 fuit,
1178 1912 1308 1979 sotan-

203 2045 267 2108 tum
285 2032 449 2132 amplior,
469 2033 566 2129 quod
581 2033 730 2125 diceret,
741 2031 916 2108 Sinanum
928 2033 1116 2130 deceptum
1129 2029 1309 2104 Matthiae

205 2158 408 2233 archiducis
426 2159 555 2249 literis,
583 2160 622 2234 in
650 2161 719 2234 has
748 2160 943 2256 angustias
971 2157 1158 2248 incidisse,
1178 2156 1234 2229 cui
1254 2154 1307 2229 rei

205 2285 321 2360 indicio
338 2285 377 2359 id
396 2285 506 2359 etiam
526 2308 620 2378 esse,
659 2286 755 2383 quod
783 2287 971 2360 abstinere
1000 2307 1089 2360 suos
1109 2309 1132 2358 a
1152 2283 1309 2382 depopu-

205 2411 311 2484 landis
325 2411 483 2486 hostium
501 2412 636 2486 finibus
655 2413 850 2505 curaverit,
870 2436 942 2509 quo
962 2412 1081 2508 magis
1101 2431 1142 2484 se
1163 2434 1186 2483 a
1204 2408 1309 2508 pacis

208 2539 408 2612 tractatione
428 2562 502 2613 non
521 2537 724 2614 abhorrere
752 2539 808 2612 eis
826 2538 1078 2636 persuaderet.
1100 2534 1310 2612 Sinanove·

205 2670 320 2740 tarano
341 2664 414 2738 iam
433 2663 542 2754 Duoi,
563 2671 599 2738 et
617 2671 672 2739 tot
691 2686 810 2740 annos
839 2664 1006 2739 inbellis
1037 2671 1196 2752 versato,
1216 2684 1312 2738 nuno

207 2811 280 2861 vero
305 2789 441 2865 aetatis
468 2766 614 2888 quoque
643 2791 732 2865 vitio
758 2791 806 2865 ad
834 2799 1000 2865 extrema
1029 2790 1255 2888 properanti,
1275 2790 1312 2863 id

206 2912 364 3010 inprimis
383 2914 578 2991 molestum
596 2915 725 3008 videri,
746 2917 841 3013 quod
860 2922 937 2991 tam
956 2938 1074 3012 grave
1103 2923 1141 2990 et
1159 2915 1312 2990 exitiale

206 3037 335 3131 beilum,
356 3040 454 3114 omni
473 3062 541 3137 spe
559 3041 666 3140 pacis
693 3042 909 3139 praescissa
939 3049 1115 3130 exortum,
1135 3038 1311 3137 nullaque

206 3165 266 3238 iam
283 3166 353 3240 alia
372 3189 425 3256 re,
446 3188 554 3263 quam
573 3168 768 3243 multarum
787 3169 962 3264 gentium,
975 3192 1091 3266 penes
1106 3190 1199 3266 quas
1209 3191 1314 3267 prae·

210 3291 307 3366 uentis
325 3292 426 3384 faeti,
446 3293 681 3391 foederisque
700 3296 894 3393 interrupti
924 3298 1033 3393 culpa
1060 3295 1236 3387 resideat,
1261 3294 1314 3368 in·

209 3417 399 3495 ternecione
417 3418 683 3493 terminandum
703 3420 982 3496 animadvertat.
1014 3419 1063 3496 Se
1084 3422 1214 3514 Deum,
1234 3443 1310 3495 ooe·

209 3538 319 3638 losque
337 3543 549 3635 contestari,
578 3544 752 3640 quioquid
779 3545 864 3619 hinc
894 3546 1102 3621 mortalium
1132 3547 1244 3621 rebus
1263 3546 1315 3619 in·

209 3669 367 3743 commodi
385 3668 568 3743 invectum
588 3670 708 3762 fuerit,
730 3670 767 3744 id
786 3678 900 3746 totum
912 3673 949 3745 in
979 3672 1171 3747 authorum
1191 3671 1316 3767 capita

210 3791 342 3886 recidat,
360 3795 596 3890 aeternisque
616 3817 682 3870 eos
701 3798 832 3893 poenis
852 3797 1044 3874 devoveat.
1074 3799 1224 3873 Interea
1251 3795 1315 3870 da·

211 3923 258 3991 ret
272 3917 446 4017 Princeps
465 3942 628 4017 operam,
647 3930 688 3997 ut
706 3947 786 3999 oum
806 3924 852 3999 de
871 3948 965 4021 pace
992 3945 1146 4022 prorsus
1174 3922 1247 3995 iam
1268 3921 1316 3994 sit

212 4045 468 4138 conclamatum,
488 4047 536 4122 ad
554 4050 690 4124 bellum
711 4051 764 4125 ita
783 4073 825 4125 se
846 4061 1086 4149 compararet,
1105 4049 1157 4123 uti
1180 4047 1316 4121 eosde-

214 4176 308 4260 ceret,
326 4173 385 4268 qui
403 4173 664 4251 beneficiorum
683 4173 861 4248 Caesaris
881 4197 1070 4265 memores,
1092 4194 1233 4247 omnem
1244 4172 1316 4246 sibi

214 4313 351 4388 operam,
389 4298 549 4374 labores.
580 4308 618 4374 et
645 4299 775 4392 studia,
795 4322 863 4395 pro
882 4300 961 4374 eiua
980 4298 1051 4373 fide
1070 4296 1315 4404 impendenda

214 4427 372 4511 putarent
390 4423 500 4498 Nunc
523 4425 620 4499 ultro
649 4428 848 4501 fenestram
885 4426 920 4500 ei
957 4425 1002 4499 ad
1033 4447 1093 4499 res
1121 4424 1315 4520 praeclare

215 4546 376 4634 gerendas
396 4549 544 4648 aperiri,
576 4548 743 4626 hostibus
768 4575 835 4647 per
863 4551 1001 4626 arcium
1030 4548 1290 4640 obsidionsss
1279 4573 1316 4622 m

123 4656 124 4731 i
219 4667 333 4760 quibos
349 4697 444 4748 nuno
461 4683 606 4773 tempus
634 4684 806 4770 tererent,
834 4675 995 4774 spatium
1024 4673 1106 4749 aliis
1125 4673 1173 4747 ad
1192 4695 1317 4751 eorum
