3625 5534
530 505 579 556 nu
593 505 677 555 aaa.
697 504 782 554 vno.
801 503 884 554 nne.
906 511 939 558 x.
959 503 992 553 u.
1011 504 1076 555 vu.
1296 479 1374 557 149

237 707 262 758 a
282 691 393 779 tergo
412 681 563 775 statuit;
585 702 703 776 eoque
723 678 845 753 edicto
864 678 1068 776 proposito,
1100 685 1140 754 ut
1168 678 1216 753 ad
1234 686 1373 753 certam

232 808 336 884 diem
356 830 485 885 omnes
512 804 672 903 undique
703 807 946 880 Tartarorum
976 805 1107 904 copiae
1135 803 1371 896 confluerent,

231 957 320 1011 curn
351 934 517 1011 exercitu
546 933 694 1009 dimidio
723 957 832 1030 quam
860 942 1014 1010 venerat
1034 934 1184 1025 minore,
1215 932 1370 1008 Tdmds-

230 1063 369 1137 varino
389 1069 517 1137 castra
534 1061 658 1152 movit,
678 1081 853 1155 oramque
874 1060 1040 1134 Danubii
1064 1060 1206 1155 legens,
1221 1058 1374 1156 popula·

231 1188 384 1263 bundus
404 1186 443 1260 in
461 1186 753 1283 Transalpinam
788 1184 933 1281 irrupit.
973 1183 1032 1258 Ea
1059 1207 1100 1258 re
1127 1182 1278 1280 cognita
1304 1182 1372 1256 Mi-

230 1313 345 1390 chael
366 1311 700 1411 Transalpinorum
721 1309 910 1408 Princeps,
935 1310 1101 1384 collectis
1119 1315 1270 1408 praeter
1288 1332 1371 1406 gre-

232 1463 324 1538 gem
344 1435 607 1530 Valacborum,
627 1436 792 1532 regionis
814 1435 893 1511 eius
903 1436 1118 1528 incolarum,
1138 1435 1201 1532 qui
1220 1442 1368 1533 sponta-

230 1588 346 1640 neam
366 1563 534 1638 militiam
552 1562 750 1652 faciebant,
777 1561 1055 1658 quatuordecim
1078 1560 1226 1635 circite'r
1244 1561 1372 1656 Vnga·

229 1713 363 1768 rorum
393 1712 466 1787 qua
493 1689 656 1788 peditum
686 1712 758 1786 qua
792 1687 954 1784 equitum
984 1685 1157 1778 millibus,
1186 1687 1370 1762 Tartaros

229 1817 374 1892 finibus
389 1838 528 1908 arcere,
547 1815 585 1888 in
603 1814 859 1909 hosticumque
891 1811 1025 1886 ducere
1053 1810 1192 1886 statuit.
1203 1809 1279 1886 Sed
1289 1835 1371 1887 cum

227 1939 392 2016 insidias
428 1961 687 2035 numerumque
724 1937 970 2013 Tartarorum
1007 1942 1211 2030 vereretur,
1239 1937 1367 2013 missis

230 2065 396 2167 primum
417 2060 483 2140 GC
503 2063 687 2160 equitibus
715 2069 754 2136 et
781 2059 881 2138 OOC
905 2060 1093 2159 peditibus
1112 2061 1368 2138 Barbarorum

229 2189 395 2266 consilia
414 2189 643 2287 exploranda
662 2187 814 2263 censuit.
853 2186 1125 2262 Anteoursores
1164 2186 1279 2284 igitur
1307 2188 1364 2264 illi

230 2315 387 2412 cognito
407 2313 591 2390 Tartaros
620 2314 657 2387 in
686 2313 855 2412 proxima
886 2312 997 2410 sylva
1027 2320 1155 2387 castra
1183 2313 1365 2410 posuisse,

227 2440 380 2539 ingenti
398 2463 479 2515 cum
497 2441 659 2514 clamore
677 2439 716 2514 in
744 2460 809 2514 eos
837 2438 990 2532 irruunt,
1020 2445 1058 2514 et
1075 2438 1177 2513 nullo
1196 2438 1282 2514 vivo
1309 2463 1367 2515 re·

229 2571 389 2642 servato
406 2564 444 2638 in
462 2563 662 2638 barbaram
682 2570 830 2660 gentem
850 2585 968 2640 saeva
993 2564 1108 2639 caede
1135 2573 1367 2659 grassantur,

229 2689 408 2789 captivos
436 2688 614 2786 plurimos
643 2689 698 2762 eis
728 2688 899 2786 eripiunt,
934 2696 971 2763 et
1000 2710 1237 2786 quoscunque
1264 2713 1366 2766 asse·

228 2823 407 2914 quuntur,
425 2813 611 2889 vindictae
630 2813 752 2889 studio
762 2814 959 2889 trucidant.
978 2814 1142 2896 Tartari.
1154 2815 1217 2912 qui
1235 2818 1366 2914 procul

228 2964 274 3017 se
294 2941 347 3015 ab
368 2938 465 3014 omni
483 2928 649 3037 periculo
677 2960 762 3013 esse
792 2938 865 3014 rati
892 2961 1026 3014 secure
1055 2961 1097 3015 se
1126 2940 1365 3018 straminibus

228 3064 519 3165 mapalibusque
547 3064 778 3155 abdiderunt,
818 3068 856 3140 et
882 3065 971 3139 nudi
997 3064 1166 3163 plerique
1203 3066 1365 3142 nefanda

229 3213 386 3290 pueros,
405 3188 571 3286 virgines
599 3197 861 3286 matronasque
889 3190 1043 3266 libidine
1080 3190 1363 3267 excruciabant:

227 3317 392 3393 simulac
404 3321 556 3414 repente
577 3316 844 3391 circumventos
864 3339 905 3391 se
915 3315 1095 3409 viderunt,
1106 3315 1268 3392 dimissis
1278 3341 1364 3416 cap·

225 3442 334 3535 tivis,
356 3449 395 3516 et
412 3441 531 3538 equis,
570 3465 643 3538 qua
671 3441 802 3538 cuique
829 3442 1040 3541 proximum
1063 3444 1364 3543 commodumque

224 3569 355 3642 visum
375 3571 443 3656 est,
463 3564 512 3639 ad
532 3586 619 3639 suos
639 3563 832 3660 diffugere.
859 3564 976 3641 Pauci
997 3587 1044 3641 ex
1064 3565 1112 3640 iis
1132 3564 1180 3640 ad
1199 3591 1362 3666 pugnam

226 3687 403 3780 accincti,
442 3688 593 3786 sagittis
625 3696 774 3764 nostros
813 3689 1094 3789 impetiverunt,
1130 3692 1362 3791 impetusque

228 3839 365 3896 eorum
404 3813 664 3890 sustinuerunt.
710 3815 771 3889 Ita
811 3814 938 3912 aliqua
966 3815 1216 3890 Barbarorum
1252 3822 1361 3914 parte

226 3965 361 4032 caesa,
398 3939 597 4036 multisque
625 3938 789 4014 millibus
817 3939 1048 4038 captivorum
1078 3963 1100 4015 e
1128 3938 1210 4014 dira
1234 3961 1359 4016 eorum

223 4068 412 4145 servitute
447 4064 627 4155 liberatis,
648 4071 905 4170 antecursores
925 4065 1046 4140 nostri
1064 4064 1219 4140 rediere.
1240 4065 1299 4139 Ea
1317 4089 1360 4140 re

226 4193 351 4270 illecti
390 4192 598 4291 complures
617 4192 764 4267 'I'homa
783 4191 880 4267 Beoz
913 4191 1006 4266 duce
1024 4191 1183 4288 aliisque
1209 4193 1361 4266 nonnul-

227 4317 280 4394 lis
311 4316 468 4416 primum
497 4315 643 4413 quidem
671 4315 817 4391 felicem
835 4315 873 4390 in
893 4315 1087 4392 Barbaros
1110 4315 1284 4412 impetum
1302 4315 1359 4389 ie·

228 4466 333 4534 ecre,
371 4465 457 4518 mox
476 4441 524 4517 ab
543 4441 591 4516 iis
622 4440 871 4534 circumventi,
893 4441 1017 4516 multis
1045 4462 1191 4515 suorum
1211 4438 1361 4514 amissis

228 4572 422 4646 incastis
449 4589 652 4644 recurrere.
691 4570 750 4643 lta
770 4567 935 4658 Tartari,
980 4565 1178 4642 formidato
1215 4571 1359 4640 nostro-

230 4717 319 4776 rum
338 4692 511 4788 adventu,
530 4716 604 4771 non
623 4691 759 4790 exigua
778 4693 884 4768 clade
912 4697 1080 4790 accepta,
1091 4714 1227 4787 magna
1245 4689 1361 4794 eapti·
