3625 5534
518 439 568 490 nu
584 439 669 495 nnn.
688 445 773 494 vno.
795 443 877 495 nec,
897 445 933 496 x.
952 447 986 496 u.
1005 447 1039 497 v.
1291 423 1342 500 st

216 625 254 690 et
271 616 423 712 eopiosa
441 616 584 712 praeda
604 616 652 691 ad
663 640 763 709 suos,
786 629 941 692 ovantes
960 619 997 692 in
1017 629 1142 694 eastra
1152 630 1341 695 revertun-

215 753 282 816 tur.
302 739 452 832 Turois,
474 762 545 838 quo
564 741 682 816 minor
702 743 835 818 caedes
855 750 967 836 esset,
979 745 1121 841 sylvae,
1142 754 1178 820 et
1198 746 1340 820 viarum

214 867 425 962 angustiae,
444 867 499 941 uti
516 867 554 939 in
573 867 729 963 regione
749 870 1004 960 submontana,
1014 868 1202 967 praesidio
1223 871 1337 944 fuere.

212 991 306 1066 Nam
326 990 531 1087 peditatus,
570 993 666 1088 qnod
683 989 831 1068 'lentius
856 995 1155 1090 subsequeretur,
1195 995 1337 1091 praelio

212 1116 403 1206 iuteresse,
442 1115 702 1214 fugientesque
728 1118 766 1190 in
794 1118 886 1193 loeis
914 1118 1037 1210 aretis,
1076 1126 1112 1191 et
1149 1119 1336 1216 peditibus

211 1241 351 1317 idoneis
369 1243 547 1338 prosequi
565 1267 638 1319 non
656 1243 783 1341 potuit.
813 1245 912 1318 Dum
939 1244 994 1319 illi
1021 1245 1074 1318 ita
1092 1268 1171 1319 rem
1190 1255 1334 1342 gerunt,

211 1367 326 1466 quiin
346 1366 481 1443 eastris
500 1377 616 1461 erant,
636 1367 752 1444 nihilo
771 1370 924 1466 segnius
953 1370 1218 1468 oppugnationi
1238 1372 1336 1445 areis

210 1494 395 1589 insistunt,
425 1516 471 1568 ao
496 1494 614 1591 primo
644 1494 781 1593 duplioi
809 1495 967 1592 oppido,
1010 1496 1194 1592 profunda
1220 1497 1334 1570 fossa.

211 1642 381 1717 muroque
400 1619 526 1718 ligneo
546 1622 704 1708 munito,
744 1621 876 1697 deiude
910 1645 997 1697 aree
1024 1621 1183 1719 quadam
1209 1629 1334 1697 terrea

210 1769 273 1844 per
291 1746 368 1821 vim
385 1747 585 1847 potiuntur.
626 1745 734 1838 Quod
752 1748 931 1838 videntes,
969 1748 1032 1845 qui
1062 1748 1099 1820 in
1117 1749 1330 1825 interiorem

211 1895 342 1966 aroem,
380 1874 544 1971 egregie,
583 1882 620 1949 et
648 1897 776 1972 opere,
815 1883 853 1949 et
884 1875 958 1950 looi
986 1882 1119 1950 natura
1148 1875 1332 1960 munitam,

211 1998 342 2098 quippe
361 1999 400 2074 in
418 2023 509 2098 rupe
528 1997 650 2091 sitam,
670 2000 923 2096 confugerant,
945 2002 990 2075 de
1010 2001 1195 2076 deditione
1205 2004 1332 2097 agunt,

210 2123 564 2221 ineolumitatemque
592 2125 702 2221 paeri,
744 2148 825 2200 oum
844 2127 969 2219 armis,
1007 2135 1045 2200 et
1063 2126 1196 2223 quibus
1215 2123 1331 2199 induti

211 2259 321 2341 erant,
341 2251 520 2343 vestibus,
559 2251 749 2346 uxoribus,
787 2259 825 2326 et
852 2252 1021 2350 parvulis
1049 2273 1122 2325 una
1151 2250 1329 2336 abduetis,

211 2399 293 2452 aree
321 2377 503 2453 excedere
521 2378 790 2475 permittuntur.
810 2376 949 2453 Eorum
975 2400 1148 2452 numerus
1178 2376 1257 2468 luit,
1278 2375 1331 2448 vi-

211 2521 329 2578 rorum
359 2509 398 2579 et
425 2501 657 2595 feminarum,
679 2525 950 2600 puerorumque
969 2503 1089 2598 simul,
1119 2503 1241 2598 capita
1270 2501 1329 2576 bis

211 2627 315 2718 mille,
335 2635 373 2702 et
391 2627 642 2724 quadraginta
661 2628 833 2726 quinque,
852 2629 971 2726 quiin
990 2630 1102 2722 longo
1123 2628 1209 2722 otio,
1221 2634 1258 2701 et
1276 2649 1331 2700 re-

210 2777 284 2829 mm
302 2755 462 2832 omnium
491 2753 693 2848 affluentia,
722 2762 760 2829 et
787 2761 958 2851 quaestu,
984 2763 1022 2830 et
1049 2756 1190 2853 rapinis
1221 2754 1330 2842 aneti,

211 2879 420 2956 incredibile
439 2879 550 2972 dietu,
568 2887 744 2976 quantam
762 2880 1012 2975 pretiosarum
1034 2880 1151 2955 omnis
1180 2878 1330 2975 generis

210 3005 483 3102 supellectilium
511 3003 595 3098 vim,
627 3011 751 3078 terrae
788 3003 986 3094 defossam,
1025 3004 1077 3078 ibi
1103 3004 1327 3100 reliquerint,

211 3129 308 3222 adeo,
326 3138 368 3207 ut
387 3153 454 3229 per
473 3129 683 3227 complures
703 3128 784 3203 dies
803 3136 840 3203 et
858 3137 986 3203 noctes
1016 3131 1053 3203 in
1073 3129 1216 3234 aedium
1235 3129 1328 3204 loeis

211 3255 309 3351 (igne
328 3256 509 3354 siquidem
530 3261 698 3346 exustae,
717 3263 755 3329 et
774 3252 855 3330 solo
876 3263 1058 3352 aequatae
1070 3251 1327 3352 omueserant)

209 3382 291 3472 totis
327 3381 464 3456 eastris
511 3381 559 3454 ad
595 3379 877 3475 investigandas
926 3380 1104 3454 eiusmodi
1151 3380 1327 3472 serobes,

210 3530 337 3604 resque
373 3507 413 3581 in
450 3507 506 3581 eis
542 3506 752 3581 reconditas
787 3505 982 3600 eruendas,
1012 3528 1225 3581 oonoursum
1250 3507 1326 3581 fue-

211 3632 282 3705 rit:
317 3654 452 3729 magno
489 3632 603 3707 totius
642 3632 827 3708 exereitus
856 3632 1109 3726 emolumento,
1141 3640 1177 3707 et
1195 3628 1327 3706 alaeri-

209 3765 279 3832 tate
312 3757 493 3833 militares
530 3779 656 3833 omnes
695 3761 845 3834 labores
882 3759 1073 3834 subeundi.
1122 3758 1194 3832 Hie
1231 3757 1325 3830 Tur·

209 3906 326 3960 aarum
373 3884 532 3960 feminae
580 3884 663 3961 dolo
701 3907 815 3979 usae,
864 3885 962 3983 quod
997 3890 1172 3982 putarent
1209 3905 1250 3956 se
1278 3903 1325 3955 ex

207 4005 487 4108 paeto,(eumeo)
495 4011 593 4110 quod
604 4012 882 4088 seeumauferre
892 4018 1055 4110 possent,
1063 4007 1326 4084 liberedisees-

210 4155 330 4229 suras,
374 4159 485 4226 auro,
523 4137 681 4235 aliisque
716 4139 830 4212 rebus
876 4115 1051 4235 pretiosis
1094 4155 1162 4230 pro
1209 4134 1325 4208 ouius-

209 4281 273 4354 que
307 4261 415 4360 eopia
442 4262 496 4336 ita
522 4285 565 4338 se
602 4271 822 4356 onerarent,
865 4270 906 4337 ut
944 4266 1219 4360 praegravante
1260 4281 1326 4333 eas

208 4386 372 4481 pondere,
392 4387 456 4461 vix
474 4388 647 4464 incedere
667 4397 829 4488 possent.
858 4386 967 4479 Quod
986 4385 1324 4461 animadvertentes

208 4510 345 4604 milites,
365 4511 542 4590 detractis
561 4515 731 4606 sareinis,
751 4514 799 4588 ad
818 4515 889 4589 iter
905 4511 1111 4610 expeditas,
1148 4513 1324 4606 levesque

208 4657 268 4709 ess
301 4636 549 4714 reddiderunt.
598 4643 658 4714 lta
695 4638 867 4714 Filekum
910 4643 996 4737 post
1006 4636 1259 4724 tricesimum,
1288 4644 1325 4711 et
