3625 5534
529 551 577 601 nu
596 551 675 602 nnn.
695 551 779 604 vus.
802 551 883 603 nuc.
904 553 938 604 x.
958 554 991 604 n.
1011 555 1059 608 1x.
1285 527 1372 616 209'

225 736 303 821 set,
326 726 508 824 Princeps
527 725 565 800 in
583 724 678 800 hanc
697 725 915 802 sententiam
938 730 1135 827 postulatis
1156 729 1362 813 Siculorum

225 853 387 930 annuit:
412 850 592 944 Tametsi,
620 851 747 948 inquit,
766 853 982 950 praeteritis
1000 858 1227 955 temporibus
1247 863 1366 940 maior

222 1004 327 1078 pars
346 977 529 1056 Siculicae
558 976 717 1053 nationis
737 974 835 1053 haud
854 979 930 1054 levi
950 979 996 1056 de
1024 1004 1140 1061 causa
1157 985 1206 1059 ad
1235 988 1364 1085 plebe·

224 1107 310 1183 iam
330 1104 579 1182 conditionem
598 1104 752 1180 reducta
761 1105 884 1201 fuerit,
905 1129 947 1181 se
962 1115 1085 1185 tamen
1103 1118 1216 1206 grata
1229 1137 1363 1193 memo·

219 1233 285 1308 ria
306 1235 476 1308 recolere
494 1230 619 1306 fidelia
639 1239 918 1330 opportunaque
947 1235 1129 1333 obsequia
1154 1235 1362 1318 Siculorum

224 1359 382 1435 sedium
402 1355 543 1450 Mares,
575 1355 806 1453 Udvsrhely‚
834 1355 939 1452 (leik,
959 1357 1167 1461 Gyergyio,
1195 1365 1363 1462 Kasuon,

222 1485 379 1586 Saepsi,
400 1483 533 1575 Kezdi,
554 1481 686 1580 Orbaj‚
706 1506 800 1581 quae
818 1483 873 1558 illi
892 1487 1073 1582 proximis
1101 1488 1162 1564 his
1190 1494 1362 1590 tempori-

84 1657 87 1664 ι
221 1613 300 1688 bus
329 1611 371 1686 iu
398 1607 604 1686 asserenda
631 1597 815 1706 Principis
854 1608 1034 1706 dignitate
1070 1616 1361 1711 praestitissent.

219 1736 409 1836 Experiri
428 1759 469 1812 se
488 1734 599 1810 etism
617 1733 655 1808 in
673 1735 970 1833 praesentiarum
989 1737 1219 1832 singularem
1232 1766 1362 1820 eorun-

220 1863 312 1938 dem
339 1863 378 1938 in
405 1859 569 1954 gerendo
598 1867 728 1935 contra
754 1861 950 1958 professos
975 1861 1186 1942 Christiani
1204 1869 1363 1945 nominis

218 1990 361 2066 hostes
398 1984 497 2061 bello
534 1983 856 2083 promptitudinem
891 1995 930 2061 et
972 1968 1211 2086 alacritatem,
1251 2016 1362 2090 quam

220 2118 342 2193 etiam
372 2117 506 2210 sponte
526 2109 760 2187 obtulissent.
781 2109 841 2184 Ad
859 2110 955 2189 baec
973 2116 1210 2192 considerare
1246 2138 1288 2192 se
1324 2126 1362 2193 et

222 2242 316 2333 hoc,
338 2236 437 2336 quod
456 2235 571 2312 Siculi
591 2236 639 2310 ab
660 2237 818 2328 Hunnis,
839 2240 1103 2318 vetustissimis
1122 2243 1359 2340 Vngarorum

219 2365 546 2468 progenitoribus,
568 2362 748 2458 originem
766 2364 969 2458 traherent,
989 2390 1035 2442 ac
1046 2368 1201 2466 proinde
1211 2366 1359 2443 bellicis

218 2493 355 2594 potius
371 2489 576 2580 laboribus,
598 2511 707 2585 quam
725 2487 883 2586 plebeiis
913 2491 1078 2567 servitiis
1102 2493 1227 2571 idonei
1255 2491 1356 2568 vide-

218 2627 366 2696 rentur.
387 2615 459 2691 His
477 2615 592 2713 igitur
612 2636 654 2689 se
674 2615 799 2690 causis
820 2615 1016 2692 adductum
1035 2619 1232 2696 universos
1253 2618 1357 2696 Sicu-

218 2747 281 2824 los
301 2742 579 2845 praedictarum
597 2740 748 2830 sedium,
778 2743 840 2839 qui
860 2741 1040 2821 hactenus
1059 2747 1198 2844 plebeii
1217 2750 1358 2838 ordinis

215 2874 394 2964 luissent,
412 2869 548 2966 quique
566 2867 650 2944 huic
668 2868 768 2944 bello
787 2869 1009 2965 interfuturi,
1030 2871 1250 2972 fidelemque
1267 2887 1354 2974 pat-

216 3001 301 3076 riae
331 3019 483 3097 operam
510 2997 681 3072 navaturi
708 3006 844 3087 esseut,
883 3022 930 3072 ex
962 2998 1091 3075 ordine
1117 3001 1265 3098 plebeio
1293 3003 1354 3080 his

222 3122 504 3204 conditionibus
524 3123 705 3198 eximere:
737 3119 770 3196 1.
791 3123 843 3198 Vt
862 3123 1002 3220 singuli
1021 3147 1147 3201 eorum
1166 3127 1215 3203 ad
1233 3128 1359 3205 obedi-

219 3253 367 3330 entiam
395 3249 557 3327 debitam
576 3248 751 3347 Principi,
780 3250 1031 3347 legitimisque
1060 3274 1186 3338 eorum
1209 3277 1357 3332 succes·

221 3378 378 3457 acribus
405 3376 680 3474 praestandam,
717 3376 906 3473 personali
943 3376 1148 3454 iuramento
1187 3382 1358 3460 obstricti

221 3507 310 3580 sint
332 3505 370 3578 2.
390 3502 443 3578 Vt
461 3501 605 3576 ratione
624 3502 853 3597 singularum
872 3502 1062 3579 domorum
1081 3526 1229 3582 suarum
1250 3517 1354 3605 quot-

221 3631 335 3708 annis
356 3625 406 3704 ad
422 3628 558 3702 testum
572 3623 615 3704 S.
637 3623 796 3723 Georgii
821 3627 859 3702 in
878 3626 1008 3703 fiscum
1026 3627 1212 3729 Principis
1231 3633 1355 3731 singu·
1401 3640 1404 3647 ’

197 3761 279 3836 ‚los
298 3756 465 3832 florenos
485 3751 728 3845 contribuere,
754 3753 858 3828 etad
877 3754 1014 3829 testum
1032 3755 1192 3830 omnium
1210 3767 1354 3836 sancto·

217 3905 302 3960 rum
321 3880 493 3976 singulos
513 3878 628 3954 tritici
648 3888 685 3954 et
712 3879 865 3954 totidem
893 3902 1036 3956 avenae
1065 3880 1220 3956 cubulos
1240 3884 1353 3960 maio-

219 4032 295 4104 res,
331 4006 563 4102 mediumque
584 4005 753 4082 eubulum
772 4007 905 4081 braces
923 4002 990 4103 (ita
1000 4006 1074 4104 ipsi
1083 4015 1216 4082 vocant
1241 4017 1354 4086 mate·

217 4137 315 4211 riam
354 4126 574 4229 cerevisiae)
618 4133 766 4208 soluere
803 4140 1008 4208 teneantur.
1036 4129 1074 4206 3.
1104 4128 1167 4204 Ad
1184 4130 1278 4208 haec
1314 4134 1352 4208 in
1368 4213 1396 4256 0

217 4257 556 4336 contributionibus
593 4257 681 4332 item
718 4257 1022 4335 extraordinariis
1058 4257 1209 4354 publica
1228 4258 1353 4357 Regni

217 4383 447 4464 Constitutio
466 4383 577 4459 etiam
596 4383 692 4459 inter
718 4407 783 4461 eos
803 4384 1033 4461 observetur.
1063 4382 1268 4460 Praeterea
1295 4411 1353 4462 ar·

216 4539 281 4590 ces
302 4519 433 4588 sartae
451 4518 644 4609 tectaeque
656 4519 828 4588 maneant
845 4512 942 4586 inter
955 4533 1032 4604 eos,
1052 4509 1270 4610 nobilesque
1289 4513 1352 4588 do·

217 4663 298 4716 mos
318 4659 420 4730 suas,
438 4659 512 4712 una
531 4659 612 4710 cum
632 4636 781 4712 allodiis
799 4660 844 4712 ae
871 4635 1025 4734 reliquis
1054 4634 1222 4711 omnibus
1240 4636 1351 4714 bonis

219 4766 302 4856 soli,
325 4786 422 4860 quae
441 4761 514 4860 ipsi
532 4761 716 4839 industria
733 4763 949 4861 pecuniave·
964 4784 1033 4837 sna
1062 4773 1351 4860 comparassent,

253 4899 372 4943 EORVM,
388 4897 478 4940 HVNG.
495 4899 565 4940 fflS'r
591 4919 617 4929 —-
632 4899 813 4940 susurrones
836 4899 899 4941 xvu
1204 4903 1247 4964 14
