3625 5534
880 483 927 532 lo.
947 482 1048 532 DECII
1072 482 1222 532 BAROVII

701 1245 936 1342 IlBER
971 1243 1366 1341 SF'PllMVS.

822 1496 999 1574 OAPVT
1028 1496 1116 1572 PRl
1117 1494 1247 1572 MVM.

576 1662 651 1740 Sed
670 1661 738 1737 ut
726 1685 801 1736 ram
820 1662 935 1737 rebus
956 1658 1268 1758 Transylvanieis
1286 1655 1589 1757 paulisperomis·
1720 1676 1721 1753 ς

470 1793 536 1883 sis
555 1790 604 1902 ad
623 1786 839 1883 Vngarioas
859 1785 1070 1860 redeamus:
1089 1781 1260 1876 Sinanns,
1280 1783 1342 1880 qui
1361 1790 1477 1859 totam
1505 1782 1587 1880 hys

469 1939 563 1992 mem
583 1911 764 2010 Belgradi
784 1918 1040 2002 commoratus,
1068 1908 1241 1985 simulato
1269 1907 1406 1983 metu
1394 1932 1433 1981 rn
1451 1915 1588 1984 tantum

469 2042 568 2142 apud
595 2047 744 2116 nostros
773 2044 930 2113 venerat
957 2032 1213 2131 contemptum,
1241 2041 1282 2109 ut
1309 2057 1496 2132 numquam
1522 2034 1588 2108 iam

469 2169 613 2269 copiam
631 2163 823 2266 pugnandi
850 2163 1018 2237 fauturus
1047 2161 1247 2250 videretur,
1278 2162 1418 2237 ooaetis
1437 2160 1589 2250 circiter,
1720 2234 1721 2243 ,

469 2305 510 2373 ut
528 2294 753 2392 perhibetur,
773 2290 951 2367 tercentis
970 2288 1156 2364 bominum
1183 2287 1348 2364 millibus
1367 2288 1511 2364 Budam
1534 2309 1590 2359 ve·
1720 2308 1721 2395 t

470 2422 533 2497 nit.
563 2422 607 2496 Id
636 2419 700 2496 ubi
728 2419 849 2493 soluta
885 2418 959 2490 iam
987 2420 1097 2489 antea
1131 2413 1324 2490 obsidione
1352 2411 1591 2498 Hatvanensi‚
1720 2408 1721 2435 ¹

471 2546 636 2624 Martias
656 2543 847 2620 Archidux
869 2539 1024 2640 aceepit,
1043 2547 1148 2616 ratus
1167 2562 1209 2616 se
1231 2548 1360 2615 tantae
1376 2539 1594 2616 multitudini
1720 2580 1721 2609 ÷

469 2675 649 2770 imparem
666 2669 759 2762 fore,
787 2667 1010 2767 praesertim
1038 2689 1118 2742 oum
1146 2673 1290 2743 tentata
1308 2667 1515 2744 aoeerrima
1533 2691 1594 2768 op·
1720 2684 1721 2769 t

471 2789 697 2898 pugnatione
717 2791 897 2891 Strigonii
918 2796 1053 2869 multos
1071 2815 1219 2869 snorum
1230 2793 1366 2892 partim
1376 2794 1503 2887 armis,
1513 2818 1593 2892 par·
1720 2778 1721 2829 ³

468 2924 535 2997 tim
553 2898 767 3022 pestilentia
785 2920 984 3011 amisisset,
1004 2917 1170 2993 collectis
1189 2919 1292 2994 vasis
1302 2918 1594 3018 strigoniensem
1720 3002 1721 3031 Ν

470 3049 699 3126 obsidionem
725 3047 941 3140 intermisit,
978 3055 1017 3122 et
1042 3046 1230 3122 Iaurinnm
1259 3068 1391 3121 versus
1405 3070 1491 3152 eum
1508 3047 1595 3123 uni‘·
1720 3150 1721 3153 Ἴ

470 3199 581 3252 verso
601 3175 767 3252 exercitu
788 3197 855 3250 suo
875 3197 919 3249 se
939 3172 1092 3271 recepit.
1114 3170 1337 3249 AtSinanus
1356 3194 1430 3248 non
1447 3182 1592 3250 eonten-

470 3309 530 3376 tus
545 3299 823 3397 strigonienses
842 3298 1038 3375 obsidione
1056 3299 1240 3374 acerrima
1258 3298 1430 3393 solvisse,
1460 3301 1594 3377 Tatam
1720 3320 1721 3387 ἴ

425 3433 427 3440 ’
470 3449 593 3502 aroem
622 3449 690 3523 per
720 3425 941 3501 deditionem
973 3422 1132 3522 Georgii
1160 3424 1256 3500 Paxi
1274 3425 1460 3501 Praesenti
1478 3426 1518 3500 in
1536 3449 1594 3523 po-

470 3559 644 3627 testatem
682 3573 786 3627 snam
824 3551 972 3648 redigit.
1010 3551 1102 3627 Inde
1142 3545 1386 3650 progressus,
1425 3553 1594 3648 quoniam
1720 3550 1721 3641 f

469 3675 721 3776 Vesprimium
751 3683 788 3750 et
807 3675 977 3752 Palotam
996 3677 1180 3777 superiori
1198 3698 1294 3752 anno
1305 3684 1594 3777 expugnaverat,
1720 3704 1721 3717 ¹

470 3802 557 3900 quia
575 3804 646 3878 iter
676 3801 858 3878 Viennam
886 3803 1111 3880 iacientibus
1140 3803 1402 3903 impedimento
1432 3825 1519 3878 esse
1546 3802 1594 3877 vi·
1720 3832 1721 3849 ¹

450 3925 654 4020 donentur,
691 3928 831 4004 omissa
857 3929 895 4003 in
924 3951 1106 4028 praesens
1134 3931 1184 4005 ad
1202 3929 1393 4005 sinistram
1421 3925 1594 4005 Comaro-

467 4055 599 4130 miensi
636 4077 736 4150 aree,
773 4079 854 4130 eam
891 4055 1081 4130 civitatem
1109 4055 1351 4132 obsidendam
1388 4055 1504 4149 duxit,
1525 4077 1596 4153 qna

467 4188 578 4279 napta
596 4203 670 4256 non
690 4179 808 4255 solum
828 4177 1111 4274 Comaromium,
1139 4180 1208 4256 sed
1237 4181 1349 4258 etiam
1377 4183 1454 4256 alia
1473 4179 1592 4256 omnia
1720 4166 1721 4173 Ν

466 4303 651 4381 Viennam
684 4327 801 4402 usque
832 4305 1061 4382 firmamenta
1089 4305 1237 4383 facilius
1260 4308 1345 4407 oapi
1364 4329 1478 4407 posse
1496 4306 1594 4381 vide·
1720 4378 1721 4415 ¹

465 4439 602 4507 rentur.
631 4434 765 4528 Itaque
799 4431 870 4507 iter
904 4433 941 4507 in
960 4432 1137 4509 ulteriore
1155 4433 1321 4510 Danubii
1348 4433 1432 4534 ripa
1448 4434 1590 4508 faciens

465 4565 502 4631 et
520 4565 651 4652 cuneta
671 4558 781 4632 obvia
809 4559 909 4633 ferro
938 4567 1051 4655 atque
1069 4559 1229 4652 flamma,
1258 4559 1481 4658 praesertim
1500 4579 1591 4634 vero
1720 4656 1721 4679 Ν

467 4683 714 4758 Tartarorum
735 4683 964 4776 erudelitate,
984 4686 1047 4782 qui
1067 4686 1139 4760 iam
1166 4709 1208 4761 se
1235 4687 1291 4760 illi
1320 4687 1593 4762 coniunxerant
