3625 5534
460 512 539 588 290
867 535 916 587 10.
936 535 1035 586 nucu
1056 531 1205 586 nnnovn

461 717 581 784 autem
592 711 833 809 Imperatoris
845 708 1045 784 Chausirnu
1067 711 1176 785 velim
1196 735 1243 784 ne
1263 710 1398 785 diutius
1410 711 1584 800 detinear,

461 835 527 911 sed
544 837 664 934 prima
684 860 830 936 quaque
850 837 1046 910 occasione
1067 859 1149 910 cum
1169 835 1290 933 plenis
1309 837 1505 935 responsis
1516 835 1584 911 sal-

459 987 545 1039 uum
564 964 611 1038 ad
629 986 697 1058 nos
712 964 919 1038 remittatis.
941 965 1002 1038 Me
1022 963 1167 1059 quidem
1183 962 1449 1037 invictissimus
1466 971 1588 1038 noster

459 1091 667 1188 Imperator
685 1091 786 1166 bello
807 1089 1286 1188 ads¹ersus'Pransylvanos
1307 1088 1472 1186 gerendo
1483 1112 1585 1187 prae·

457 1215 555 1307 lecit,
584 1224 622 1290 et
640 1215 758 1313 copiis
786 1215 875 1289 mihi
899 1214 1106 1290 commissis
1127 1214 1306 1310 Belgradi
1327 1238 1383 1289 me
1404 1215 1587 1289 volentem

457 1340 662 1416 subsistere
680 1342 800 1415 iussit.
837 1340 981 1431 Quodsi
1009 1349 1085 1416 tam
1112 1341 1280 1438 paternis
1301 1337 1481 1415 Caesaris
1513 1363 1584 1414 mo-

459 1467 547 1541 nitis
566 1469 685 1542 locum
704 1491 777 1543 nou
796 1468 962 1560 dederis,
993 1475 1094 1542 certo
1114 1469 1224 1558 scias,
1245 1467 1366 1561 velim,
1386 1465 1593 1541 ansarem.

460 1591 578 1690 primo
609 1592 734 1668 statim
772 1617 870 1685 rere,
904 1590 1060 1668 simulac
1078 1591 1206 1691 pabuli
1232 1593 1340 1690 copia
1368 1591 1588 1689 permiserit,

460 1741 539 1793 cum
567 1721 751 1794 universis
780 1721 857 1794 suis
887 1719 1004 1817 copiis
1033 1719 1304 1817 expeditionem
1332 1719 1369 1792 in
1398 1715 1584 1814 Transyl-

459 1864 575 1918 vanos
604 1855 858 1942 suscepturum
888 1867 983 1920 esse.
1024 1844 1263 1942 erapropter
1302 1845 1447 1940 cogites
1468 1853 1583 1920 tecum

456 1968 577 2062 velim,
605 1981 643 2046 et
670 1972 869 2068 diligenter
894 1971 1097 2070 expendas,
1125 1995 1169 2046 ea
1189 1968 1391 2046 Caesarem
1420 1978 1584 2044 nostrum

456 2096 622 2192 potentia
658 2119 762 2190 esse,
800 2108 840 2173 ut
879 2119 1097 2194 quocunque
1135 2105 1259 2172 tantus
1297 2095 1501 2183 monarcha
1534 2118 1585 2168 ar-

457 2243 517 2294 ma
536 2220 806 2316 circumtulerit,
837 2246 1069 2319 nequaquam
1088 2221 1165 2296 illic
1183 2221 1346 2320 lapidem
1366 2244 1480 2318 super
1500 2221 1588 2319 lapi·

459 2346 541 2421 dem
560 2372 708 2423 manere
727 2370 858 2447 posse:
884 2355 1026 2423 tantum
1045 2349 1155 2423 abest
1174 2353 1213 2422 ut
1232 2348 1341 2424 unica
1361 2346 1588 2444 provinciola

458 2473 632 2571 impetum
662 2475 742 2550 eius
774 2476 956 2550 sustinere
987 2470 1108 2572 queat.
1149 2473 1320 2571 Denique
1349 2475 1451 2548 diras
1481 2475 1587 2549 velim

459 2598 619 2672 miserae
638 2601 770 2697 plebis,
793 2625 888 2698 quae
906 2602 980 2676 ianr
1001 2608 1075 2675 tam
1095 2600 1264 2674 diuturno
1285 2600 1384 2674 bello
1404 2600 1586 2674 exhausta

460 2730 519 2798 est
537 2724 694 2820 penitae,
713 2720 758 2824 sset
772 2726 1006 2823 quotidianas
1026 2725 1282 2801 execrationes
1304 2733 1437 2823 sponte
1457 2727 1526 2800 tibi
1546 2749 1586 2800 ne

459 2850 639 2925 attrahas.
659 2849 838 2948 Equidem
858 2876 928 2927 nee
948 2853 1152 2950 pecuniam,
1171 2875 1240 2926 nee
1259 2875 1388 2926 munus
1409 2860 1509 2926 tuum
1522 2854 1587 2926 lroc

458 2976 588 3052 labore
606 3001 730 3071 venor,
760 2978 826 3053 sed
858 2987 1012 3077 propter
1041 2979 1157 3052 solius
1178 2977 1356 3052 duntaxat
1384 2976 1500 3050 divini
1529 3001 1586 3050 no·

459 3102 569 3178 minis
596 3104 771 3200 gloriam,
801 3111 838 3178 et
868 3105 1094 3198 singularem
1123 3103 1288 3199 parentis
1310 3102 1389 3176 'mei
1410 3125 1503 3197 erga
1524 3125 1585 3175 vos

460 3229 754 3305 benevolentiam
775 3239 940 3304 amanter
959 3237 995 3302 te
1014 3227 1187 3303 monitum
1218 3227 1263 3301 de
1293 3228 1350 3300 his
1370 3229 1584 3302 instructum

339 3391 343 3396 ·
460 3376 545 3427 csse
565 3354 677 3428 volui.
709 3354 847 3430 Datum
874 3355 946 3427 hoc
974 3353 1042 3430 fnit
1063 3353 1239 3448 llelgradi
1260 3353 1368 3427 Xlll.
1407 3353 1583 3427 februarii

458 3474 697 3554 MDXOVlI.

918 3746 1097 3754 ..ι-...ψη
1103 3745 1131 3753 --n

721 4087 724 4093 ,
790 3977 965 4056 eninr
995 3935 1249 4057 'rennuit

459 4161 518 4234 Dc
537 4159 696 4234 lllurtlno
725 4161 885 4234 Literolo
915 4159 966 4232 cd
988 4157 1183 4235 (laeseram
1208 4161 1428 4252 anccrnrn,
1458 4173 1490 4233 el
1521 4157 1580 4232 Al-

500 4289 638 4384 pboaeo
658 4285 796 4360 [cerrito
822 4286 874 4359 ad
890 4284 1120 4382 Rrodolpluom
1145 4281 1400 4382 Imperatorem
1422 4285 1548 4358 rm'aso.⁸

564 4485 702 4560 Litcris
722 4483 899 4580 perlectis
919 4487 1100 4558 convocat
1118 4483 1218 4558 illico
1239 4483 1418 4581 Princeps
1442 4479 1574 4556 Albam

459 4633 586 4686 omnes
597 4609 759 4685 Ordines
778 4607 1003 4705 provinciae,
1024 4616 1060 4681 et
1079 4607 1338 4682 ceterisrebus
1352 4606 1576 4682 adtuendam

458 4738 645 4836 publicam
662 4757 792 4832 pacem
812 4757 857 4808 ao
877 4733 1159 4808 incolumitatem
1182 4733 1250 4808 rite
1271 4733 1474 4830 dispositis,
1495 4755 1575 4806 nun·
