3625 5534
478 509 556 592 160
877 534 927 590 10.
947 534 1050 587 nucu
1064 483 1217 588 aanorn

468 733 549 788 cum
566 711 648 785 iure
665 707 992 808 primogeniturae,
1012 730 1056 783 ec
1076 729 1232 806 prorsus
1248 708 1365 798 modo,
1377 731 1450 806 quo
1460 716 1600 808 tempo

468 837 572 911 ribus
596 834 748 910 Ioannis
779 829 948 925 Secundi,
968 829 1159 931 Stephani,
1175 840 1214 908 et
1228 829 1491 931 christophori
1514 857 1600 933 pos·
1730 840 1731 863 ¹

472 983 580 1036 sessa
598 962 677 1054 fuit,
693 959 824 1035 aedito.
845 958 922 1035 Sed
940 967 978 1033 el
996 960 1148 1034 mixtum
1159 959 1354 1056 imperinm
1371 959 1601 1060 liberamque

472 1085 762 1163 iurisdictionem
780 1083 878 1158 idem
897 1081 1163 1179 Sigismundus·
1177 1083 1317 1160 habeat
1337 1085 1529 1183 Princeps,
1548 1088 1601 1162 ita

470 1219 605 1304 tamen,
624 1219 664 1285 ut
682 1208 870 1304 legitimos
889 1205 1083 1303 Vngariae
1102 1207 1230 1303 Reges
1248 1210 1330 1304 ipse
1350 1218 1387 1286 et
1406 1234 1598 1288 successo·

467 1356 530 1411 res
557 1337 637 1411 eius
664 1358 733 1432 pro
761 1333 939 1429 legitimis
962 1333 1040 1408 suis
1059 1333 1227 1429 Regibus
1263 1346 1547 1432 recognoscant,
1565 1349 1602 1412 et
1730 1378 1731 1387 κ

416 1573 418 1578 ¹
472 1461 663 1538 fidelitatis
690 1462 933 1536 iuramentum
961 1459 1055 1555 ipsis
1083 1481 1241 1557 semper,
1263 1461 1359 1537 citra
1393 1465 1452 1539 ius
1475 1473 1600 1539 tamen

474 1590 633 1684 fruendi,
651 1593 857 1688 praestent.
897 1585 1039 1677 Quodsi
1057 1584 1240 1686 Princeps
1258 1589 1297 1663 in
1316 1590 1484 1686 legitima
1507 1611 1601 1663 mas·

474 1715 638 1790 culorum
665 1711 866 1788 haeredum
886 1711 987 1786 linea
1006 1711 1191 1805 deficeret,
1221 1713 1502 1810 Transylvania
1520 1737 1600 1789 cum
1730 1734 1731 1737 ‘

473 1841 630 1916 annexis
648 1840 684 1914 ei
703 1837 903 1912 ditionibus
923 1844 1099 1932 tanquam
1117 1861 1255 1930 verum,
1286 1847 1324 1914 et
1347 1837 1600 1937 inseparabile

474 1968 685 2059 membrum,
723 1964 867 2058 absque
904 1964 984 2039 ulla
1020 1966 1276 2040 controversia
1312 1966 1351 2041 in
1377 1972 1599 2063 potestatem

408 2168 410 2174 ,
473 2091 592 2187 Regis
611 2089 803 2185 Vngariae
823 2087 1053 2180 devolvatur,
1072 2090 1125 2163 ita
1138 2097 1273 2175 tamen,
1300 2099 1342 2166 ut
1368 2089 1497 2186 Reges
1529 2089 1601 2187 ipsi

473 2223 668 2294 teneantur
689 2221 726 2289 et
744 2213 826 2289 iura
846 2212 1095 2312 municipalia,
1115 2214 1315 2311 privilegia
1343 2222 1381 2290 et
1404 2223 1600 2291 consuetu·

474 2341 580 2417 dines
597 2339 811 2438 provinciae
829 2359 904 2413 una
922 2361 1004 2413 oum
1023 2337 1284 2414 donationibus
1304 2347 1342 2415 et
1356 2339 1602 2438 inscriptioni·

473 2469 543 2542 bus
563 2473 667 2541 sarta
689 2473 862 2562 lectaque
890 2486 1126 2557 conservare,
1155 2465 1377 2563 solitumque
1405 2464 1601 2562 magistra·

476 2598 551 2667 tum
573 2614 620 2666 ex
639 2589 844 2666 Ordinibus
854 2589 1156 2687 Transylvaniae
1166 2589 1371 2686 provinciis
1380 2591 1595 2688 praeficere.

475 2716 617 2809 Quodsi
636 2715 892 2791 deficientibus
912 2714 1088 2790 masculis
1124 2713 1349 2791 haeredibus
1376 2714 1475 2790 filias
1493 2708 1599 2789 Prin·

473 2863 561 2940 ceps
579 2849 666 2941 post
684 2863 726 2915 se
745 2839 948 2938 reliquerit,
969 2839 1119 2914 cuilibet
1138 2862 1264 2914 earum
1284 2839 1330 2914 de
1350 2839 1435 2914 dote
1456 2848 1600 2916 centum

474 2968 626 3044 millium
644 2967 865 3043 florenorum
883 2963 1136 3040 Rhenensium
1145 2965 1413 3063 providebitur.
1425 2964 1601 3060 Legitimi

473 3094 665 3190 Vngariae
697 3091 835 3187 Reges,
873 3113 955 3165 cum
974 3089 1216 3165 iuramentum
1243 3110 1360 3186 reguo
1380 3089 1601 3184 Hungariae

476 3221 671 3319 deponent,
690 3217 918 3316 peculiarem
938 3215 1213 3312 specialemque
1237 3215 1457 3291 mentionem
1476 3216 1600 3292 Tran-

475 3346 670 3444 sylvaniae
689 3343 727 3418 in
746 3345 875 3419 eodem
893 3345 1098 3419 iuramento
1116 3342 1266 3420 facient.
1303 3339 1450 3419 Civitas
1469 3342 1506 3418 N
1508 3367 1598 3440 agy-

478 3471 610 3568 Bhuya
627 3466 1414 3568 possidebituraPrincipeTransylvauiae
1438 3489 1484 3542 eo
1504 3467 1594 3556 iure,
1730 3484 1731 3499 ¹

477 3621 549 3697 quo
578 3594 769 3694 Stephano
797 3593 922 3670 Primo
949 3593 1129 3669 Poloniae
1157 3593 1256 3690 Regi
1292 3592 1432 3668 collata
1459 3593 1595 3668 fuerat.

475 3720 619 3800 Caesar
636 3720 841 3821 principem
860 3719 1163 3818 Transylvaniae
1190 3741 1259 3819 pro
1278 3718 1400 3794 libero
1424 3715 1600 3816 Principe

474 3849 719 3947 recognoscit.
750 3847 857 3944 eique
876 3847 1019 3924 titulum
1040 3846 1289 3925 Illustrissimi
1308 3846 1490 3939 concedit,
1508 3855 1546 3922 et
1563 3851 1603 3920 ut

476 4000 524 4052 ex
542 3974 744 4053 Austriaca
762 3973 905 4049 familia
922 3995 1016 4050 uxor
1034 3973 1069 4049 ei
1087 3973 1205 4066 detur,
1226 3993 1267 4046 se
1286 3973 1500 4047 effecturum
1517 3991 1599 4069 pro

474 4100 594 4176 mittit.
624 4098 701 4176 Sed
728 4106 768 4174 ut
792 4098 839 4174 ab
868 4097 1136 4196 Hispaniarum
1155 4097 1262 4192 Rege
1281 4095 1463 4195 Princeps
1486 4095 1599 4192 insig-

474 4227 607 4320 niatur,
619 4224 763 4302 Caesar
782 4247 823 4300 se
841 4231 1122 4324 procuraturum
1139 4221 1345 4320 pollicetur.
1366 4218 1598 4297 Auxiliorum

476 4350 725 4450 suppeditatis
744 4357 869 4428 mutua
888 4359 927 4426 et
945 4351 1138 4449 reciproca
1157 4348 1239 4442 erit,
1258 4356 1367 4445 prout
1394 4346 1604 4422 necessitas

475 4477 583 4556 huius
601 4478 662 4552 vel
681 4476 782 4552 illius
808 4476 930 4575 partis
958 4473 1216 4573 postulaverit,
1253 4473 1308 4548 ita
1336 4480 1376 4548 ut
1394 4472 1604 4570 ubicunque

476 4603 593 4679 maior
611 4601 822 4678 necessitas
842 4601 1034 4698 ingruerit,
1065 4623 1110 4676 eo
1133 4598 1329 4674 coniuncta
1358 4597 1499 4674 auxilia
1517 4619 1604 4672 con·

475 4735 678 4806 vertantur.
698 4727 758 4802 Ad
776 4727 871 4804 haec
894 4736 935 4804 ut
952 4727 1158 4804 Romanum
1179 4724 1379 4823 Imperium
1412 4721 1605 4821 Principis
