3625 5534
488 492 538 542 nu
559 492 640 542 nnn.
661 493 747 543 vno.
776 493 860 544 nuc.
882 493 917 545 x.
936 495 969 543 u.
989 495 1023 544 v.
1269 467 1346 545 105

205 673 302 755 rant,
343 667 479 763 ingens
505 689 552 741 ex
581 669 954 766 appropinquantium
982 672 1138 745 tumultu
1166 659 1289 768 pulvis
1308 672 1347 746 in

206 797 298 864 aire
327 800 502 890 apparet.
533 792 695 868 Dubium
727 795 909 893 principio
939 795 1237 893 speculatoribus
1266 797 1345 890 fuit,

205 917 504 996 iumentorumue
522 921 646 1019 pulvis
667 923 742 1014 ille,
781 948 828 998 au
847 924 1034 999 homiuum
1053 931 1165 999 esset.
1178 925 1346 999 Tandem

205 1041 386 1120 hostibus
406 1046 540 1121 adesse
560 1048 733 1145 cognitis,
753 1050 801 1124 ad
821 1073 925 1124 arma
943 1051 1186 1142 conclamant,
1216 1060 1253 1127 et
1272 1059 1346 1126 sta-

204 1167 346 1244 tionem
368 1171 523 1269 quisque
542 1195 648 1249 snam
668 1185 849 1274 repetunt.
869 1176 977 1250 Missi
997 1185 1119 1252 autem
1149 1179 1253 1251 inere
1282 1178 1344 1250 ob-

208 1294 307 1369 viam
328 1295 502 1372 hostibus
520 1300 695 1390 nonnulli,
715 1325 761 1376 ex
781 1302 1006 1400 primoribus
1026 1301 1163 1402 oppidi,
1175 1304 1346 1401 explora·

204 1427 295 1510 tum,
316 1420 408 1516 qnid
426 1424 578 1519 vellent,
598 1424 660 1521 qui
679 1427 804 1500 statim
822 1427 886 1500 ubi
906 1427 953 1500 ad
973 1450 1037 1501 eos
1056 1451 1271 1526 pervenere,
1292 1429 1344 1502 in·

205 1553 459 1642 terrogautur,
498 1549 643 1648 Regiue
663 1553 865 1649 Vngariae,
896 1577 942 1628 ac
968 1552 1134 1653 Principi
1162 1554 1343 1655 Transyl·

207 1672 356 1764 sanine,
375 1696 526 1770 quorum
545 1677 618 1775 ipsi
636 1679 772 1755 milites
791 1689 939 1772 essent,
959 1703 1006 1755 an
1017 1680 1198 1761 Barbaris
1217 1703 1259 1755 se
1280 1681 1343 1756 ad·

208 1796 371 1895 iungere
389 1801 553 1898 vellent,
581 1827 666 1879 nam
696 1805 728 1880 si
756 1807 827 1882 hoc
855 1809 981 1883 iacere
1000 1813 1197 1900 tentarent,
1217 1829 1283 1883 eos
1302 1830 1344 1883 se

206 1921 372 2000 bostium
391 1928 555 2023 perinde,
575 1954 621 2005 ac
641 1933 788 2008 Turoas
805 1933 924 2032 ipsos,
942 1936 1025 2009 loco
1045 1932 1249 2009 habituros.
1279 1935 1341 2010 Illi

207 2073 247 2124 re
264 2051 474 2150 improvisa
493 2057 623 2149 territi,
635 2059 781 2156 quando
791 2057 1064 2156 interScyllam
1077 2069 1115 2133 et
1125 2056 1343 2158 Charybdin

207 2177 332 2272 positi,
351 2178 525 2276 utrinque
543 2190 696 2259 mortem
714 2184 789 2259 sibi
808 2183 998 2258 imminere
1018 2184 1145 2259 rident
1162 2207 1340 2281 praesen·

205 2301 403 2394 tissimum,
421 2307 693 2403 responderunt
711 2331 754 2384 se
768 2310 944 2386 libentius
954 2307 1248 2384 Christianorum
1257 2333 1342 2408 par-

207 2435 274 2518 tes,
295 2428 331 2502 si
352 2431 572 2507 alterutrum
600 2434 731 2510 borum
750 2437 958 2511 faciendum
986 2436 1045 2529 sit,
1067 2459 1176 2534 quam
1196 2437 1339 2510 Barba-

207 2576 332 2630 rorum
353 2563 504 2630 acturos
524 2580 620 2633 esse.
641 2561 685 2634 Id
703 2560 813 2634 simul
832 2584 877 2635 ac
886 2559 1105 2635 Praefectus
1115 2560 1339 2658 subaudivit,

210 2679 271 2776 qui
301 2682 437 2756 turbae
468 2684 733 2781 oppidanorum
762 2709 803 2761 se
834 2686 1055 2780 admiscens,
1092 2693 1262 2762 eventum
1280 2676 1342 2761 rei

205 2808 442 2903 expectabat,
463 2833 556 2906 equo
577 2812 770 2887 confestim
790 2812 964 2903 admisso,
985 2834 1065 2886 cum
1085 2812 1162 2886 suis
1191 2812 1332 2910 aliquot

206 2930 387 3010 militibus
406 2934 498 3031 fuga
516 2937 589 3010 sibi
608 2936 766 3013 salutem
786 2939 980 3036 quaesivit.
1001 2938 1142 3014 Hostes
1162 2960 1250 3013 vero
1270 2937 1334 3014 flu·

207 3057 267 3133 vio
285 3058 468 3156 protinus,
499 3062 633 3160 partim
670 3063 777 3155 vado,
814 3064 950 3160 partim
983 3063 1141 3139 navibus
1170 3063 1337 3158 traiecto,

210 3185 386 3282 oppidum
416 3185 602 3285 diripiunt.
631 3189 720 3263 Mox
748 3190 879 3288 paucis
908 3190 960 3264 ibi
979 3189 1109 3264 diebus
1127 3188 1339 3276 transactis,

208 3335 289 3385 cum
311 3311 471 3387 collecta
488 3314 631 3411 praeda
648 3315 734 3389 iude
753 3317 859 3390 abire
878 3323 1064 3392 conantur.
1086 3315 1266 3392 resistunt
1280 3314 1327 3388 iis
1433 3313 1436 3322 '

206 3435 398 3535 oppidani,
416 3444 455 3511 ct
473 3439 620 3535 quaudo
640 3440 763 3515 caesis
783 3441 918 3515 Turcis
935 3440 1097 3540 praedas
1116 3442 1189 3540 ipsi
1209 3461 1336 3516 omnes

206 3565 446 3656 corraserint,
467 3565 678 3665 oppidoque
698 3574 901 3647 extremum
911 3569 1108 3643 discrimen
1120 3568 1338 3659 creaveriut,

205 3698 245 3764 ut
264 3713 393 3765 secum
412 3689 487 3767 iam
505 3714 667 3787 manere,
705 3699 743 3768 et
780 3694 985 3770 coniunctis
1012 3695 1086 3770 iam
1120 3694 1276 3786 viribus,
1295 3715 1342 3769 ac

203 3815 382 3908 consiliis,
403 3817 540 3892 bellurn
560 3826 688 3896 contra
698 3819 890 3896 Barbaros
909 3816 986 3920 (qui
996 3843 1227 3918 nequaquam
1242 3819 1339 3895 hanc

202 3965 280 4016 rem
299 3939 459 4016 inultam
476 3943 589 4018 laturi
616 3939 757 4042 essent)
789 3969 923 4042 gerere
949 3947 1098 4036 vellent,
1117 3943 1252 4018 obnixe
1273 3965 1338 4018 eos

204 4076 359 4166 rogant3
379 4070 552 4145 abnuunt
572 4070 638 4163 illi,
659 4095 704 4146 ac
723 4096 803 4147 oum
822 4072 964 4171 praeda
980 4071 1054 4146 iam
1064 4078 1183 4167 parta,
1194 4077 1337 4144 mature

203 4217 245 4270 se
263 4193 315 4269 ad
334 4215 423 4269 snos
442 4193 529 4269 iude
547 4195 715 4293 recipere
734 4206 939 4290 conantum
969 4196 1102 4294 quibus
1130 4195 1214 4269 dum
1235 4193 1338 4293 oppi-

203 4321 288 4395 dani
320 4342 408 4395 sese
435 4309 584 4396 ¹fortiter
616 4330 816 4421 opponunt,
843 4321 1049 4397 interfectis
1077 4321 1254 4417 utrinque·
1267 4318 1334 4394 ali·

204 4456 293 4542 quot
311 4444 534 4536 homiuibus,
554 4445 608 4521 ita
626 4447 773 4523 tandem
791 4449 893 4522 inter'
906 4471 949 4522 se
969 4452 1199 4543 componunt,
1219 4451 1260 4518 ut
1274 4465 1337 4542 cp·

202 4570 342 4670 pidaui,
360 4571 526 4667 acceptis
554 4594 601 4645 ex
629 4571 677 4646 iis
706 4573 904 4665 nonnullis,
941 4573 1002 4669 qui
1028 4591 1193 4645 summae
1212 4591 1339 4644 rerum

203 4704 435 4805 praeessent,
463 4697 663 4777 universas
690 4719 815 4776 eorum
844 4699 985 4801 copias,
1015 4697 1138 4793 louge,
1159 4716 1268 4796 quam
1288 4694 1340 4770 in·
