3625 5534
507 497 556 546 nn
575 497 656 548 nne.
676 495 760 546 vno.
788 493 869 544 nno.
886 459 923 546 u.
944 494 978 544 n.
999 493 1048 543 ux.
1283 466 1360 545 217

227 693 320 746 eum
340 693 447 768 quem
459 669 616 746 diximus
636 670 801 746 ordinem
820 669 986 763 aciebus,
1005 674 1131 745 castra
1145 668 1364 744 fortiexcel-

227 819 355 894 soque
374 799 496 874 auimo
525 797 664 873 moveri
683 796 802 890 iussit,
832 801 869 870 et
887 803 992 871 recta
1009 796 1049 870 in
1066 794 1210 872 hostem
1230 795 1364 872 ducere

227 923 385 998 statuit.
404 923 568 998 Proinde
587 923 729 1000 modico
749 923 881 999 itinere
899 923 1120 1022 procedens,
1140 922 1269 998 alteris
1288 944 1369 998 cas·

225 1049 305 1124 tris
343 1049 382 1123 iu
401 1049 584 1147 quandam
611 1048 803 1149 planitiem
832 1049 1018 1148 pervenit,
1048 1070 1142 1147 quae
1161 1046 1261 1124 mille
1279 1068 1365 1147 pas-

227 1175 343 1250 sibus
372 1176 420 1249 ab
449 1175 584 1273 oppido
607 1175 835 1273 Tergovisto
869 1174 1046 1270 distabat,
1084 1197 1128 1249 co
1157 1172 1288 1268 animo,
1325 1180 1366 1247 ut

226 1301 420 1400 postridie
439 1325 519 1378 cnm
538 1299 688 1396 Sinauo,
708 1303 771 1400 qui
789 1301 837 1377 ad
856 1301 1136 1399 Tergovistiom
1159 1307 1284 1376 costra
1300 1300 1366 1375 ba·

227 1428 363 1520 bebat,
383 1449 512 1504 manus
533 1437 756 1505 consereret
774 1429 915 1504 Positis
933 1429 972 1503 in
991 1451 1037 1504 ea
1045 1426 1202 1528 planitie
1219 1425 1364 1520 castris,

228 1575 318 1629 cum
347 1551 483 1628 milites
512 1554 740 1646 commeatui,
778 1562 815 1630 et
844 1555 958 1651 quieti
984 1553 1117 1630 intenti
1135 1561 1274 1646 essent,
1310 1560 1365 1628 tu-

228 1681 355 1756 multu
375 1679 420 1754 de
438 1690 592 1781 repente
610 1683 648 1758 in
669 1683 805 1758 castris
823 1682 998 1775 excitato,
1028 1704 1073 1757 ac
1093 1680 1261 1757 omnibns
1280 1679 1364 1757 bos·

228 1813 311 1881 tem
331 1805 465 1882 adesse
495 1808 721 1906 putantibus,
752 1808 799 1884 ad
828 1831 933 1883 arma
961 1807 1223 1898 conclamatur,
1252 1812 1361 1882 tanta

229 1931 398 2009 omnium
417 1935 708 2033 perturbatione,
736 1942 777 2010 ut
803 1935 841 2009 iu
859 1935 1009 2010 ordines
1041 1934 1127 2032 cogi
1153 1931 1365 2031 neutiquam

228 2066 403 2158 possent,
424 2059 492 2134 sed
502 2061 632 2158 paucis
644 2059 691 2135 ad
703 2061 814 2158 signo
826 2060 1130 2137 convenientibus
1139 2058 1273 2157 reliqui
1282 2080 1368 2157 pas-

229 2184 307 2258 sim
335 2183 604 2282 discurrerent;
642 2193 938 2286 testamentaque
967 2189 1080 2284 vulgo
1108 2185 1198 2263 totis
1229 2182 1364 2260 castris

228 2313 416 2386 iacerent
443 2311 625 2411 Princeps
655 2315 806 2412 cognita
832 2316 992 2392 rumoris
1011 2313 1188 2406 vanitate,
1215 2309 1364 2411 publico

231 2437 434 2512 confestim
453 2437 573 2514 edicto
593 2437 779 2516 silentium
797 2439 965 2540 imperat,
992 2447 1029 2515 et
1049 2440 1111 2538 qui
1129 2460 1240 2514 secus
1265 2439 1363 2514 fece·

228 2563 294 2648 rit,
316 2563 437 2639 crucis
455 2587 615 2663 poenam
635 2566 669 2639 ei
687 2566 892 2642 denunciat.
912 2565 1031 2641 Fama
1053 2573 1123 2659 est,
1144 2561 1363 2641 Sinanume

229 2696 578 2790 montepraerupto,
599 2692 882 2790 quiaequoiere
894 2691 1016 2788 spatio
1036 2693 1085 2768 ab
1096 2691 1262 2790 utrisque
1282 2714 1362 2768 oas-

229 2815 304 2890 tris
315 2817 459 2910 aberat,
471 2819 598 2916 copias
609 2818 796 2918 Principis
808 2821 1035 2916 speculatum
1045 2820 1174 2914 fnisse,
1193 2842 1362 2918 neappo-

230 2951 321 3018 ratu
351 2941 430 3017 eius
456 2943 632 3037 territum,
666 2945 861 3022 consilium
879 2947 994 3042 fugae
1018 2945 1211 3022 confestim
1241 2965 1364 3020 susce·

230 3067 354 3168 pisse.
372 3069 417 3143 ld
435 3091 526 3145 vero
546 3069 626 3145 sive
647 3092 772 3146 coram
792 3071 939 3166 viderit,
968 3072 1049 3147 sive
1066 3095 1135 3171 per
1153 3071 1363 3169 explorato·

231 3217 299 3272 res
319 3194 558 3291 cognoverit3
582 3202 683 3273 certe
703 3197 914 3289 exterritus,
936 3205 974 3272 et
991 3197 1147 3272 audacia
1161 3215 1231 3271 sua
1247 3195 1360 3270 trust-

229 3327 353 3413 ratus,
382 3343 474 3396 vasa
493 3322 687 3397 confestim
718 3323 854 3421 colligi,
885 3331 924 3400 et
953 3322 1122 3399 accensis
1141 3321 1360 3420 inspeciem

230 3447 363 3525 multis
374 3448 536 3543 ignibus,
557 3456 658 3528 retro
670 3450 789 3547 signa,
807 3450 942 3527 itinere
956 3452 1070 3549 fugae
1089 3450 1286 3543 simillimo,
1305 3472 1363 3525 re·

229 3574 328 3650 terri
357 3573 475 3650 iussit.
504 3573 685 3676 Princeps
708 3577 859 3674 cognita
886 3577 1162 3677 propinquitate
1189 3576 1362 3669 bostium,

210 3723 316 3775 cum
338 3699 496 3776 nondum
517 3723 582 3776 eos
613 3702 756 3778 abiisse
784 3709 884 3778 certo
904 3703 1029 3796 sciret,
1054 3702 1121 3778 sed
1140 3700 1270 3778 Sinoni
1287 3725 1361 3777 non

229 3847 349 3903 secus
370 3825 579 3902 acTroiani
599 3826 861 3904 illinsSinonis
879 3829 1030 3905 fraudes
1047 3834 1236 3920 metueret,
1257 3834 1361 3902 ratus

227 3953 308 4028 iam
324 3953 516 4030 Barbaros
537 3977 617 4031 cnm
629 3956 802 4031 universo
823 3956 988 4032 exercitu
1006 3957 1197 4045 affuturos,
1216 3953 1277 4028 vel
1295 3952 1361 4028 ali-

229 4100 329 4177 quas
359 4087 459 4154 certe
478 4077 703 4156 Christianis
731 4081 887 4157 insidias
916 4082 1181 4158 instructuros:
1217 4079 1361 4180 proeci-

229 4226 328 4304 puos
349 4226 515 4302 quosque
545 4205 657 4283 duces
677 4207 778 4282 acies
796 4230 943 4306 parcre,
972 4206 1064 4282 etin
1083 4206 1162 4282 suis
1180 4227 1361 4304 quemque

229 4329 329 4406 locis
349 4330 514 4406 ordinem
536 4330 735 4431 disponere
753 4333 864 4409 iubet.
894 4332 1039 4424 Quibus
1065 4333 1178 4408 rebus
1199 4332 1271 4407 rite
1290 4331 1361 4406 dis

229 4454 379 4556 positis,
399 4461 438 4529 et
456 4455 505 4530 ad
523 4479 650 4532 omnes
670 4457 862 4534 conflictus
880 4458 994 4536 futuri
1012 4466 1167 4535 eventus
1186 4458 1359 4534 constitu-

228 4583 291 4676 tis,
319 4581 479 4681 ipsemet
506 4583 615 4660 etiam
635 4585 825 4684 Princeps,
854 4587 948 4662 mira
976 4593 1077 4662 certe
1106 4584 1217 4661 animi
1244 4607 1360 4683 supra
1412 4608 1416 4617 ’

230 4717 394 4785 aetatem
413 4731 608 4808 rerumque
619 4711 886 4810 experientiam
904 4712 1129 4807 fortitudine,
1143 4717 1258 4790 totam
1276 4734 1358 4787 eam
