3625 5534
475 505 525 580 82
869 525 916 575 ιο.
938 523 1038 574 nucu
1057 523 1206 574 nnnovn

474 723 642 778 rumores
662 700 864 791 exstitisse,
902 697 975 795 qui,
1012 698 1045 772 is
1074 698 1107 772 si
1134 696 1255 772 virum
1273 717 1316 771 se
1334 695 1598 795 praestitisset,
1729 709 1730 740 l

471 827 582 915 ‚facile
603 827 682 901 veri
702 846 787 900 esse
807 823 1024 921 potuissent.
1047 820 1183 896 Parum
1209 821 1336 912 abfuit,
1365 822 1452 918 quin
1482 828 1520 895 et
1539 818 1600 892 ho-

473 974 599 1026 norem
618 952 654 1026 ei
672 953 885 1045 abrogaret,
904 957 942 1023 et
960 947 1114 1044 gravius
1134 947 1245 1021 etiam
1265 946 1352 1043 quid
1369 946 1408 1019 in
1429 954 1600 1020 eumsta·
1730 1038 1731 1064 Ν

471 1084 601 1151 tueret.

930 1303 1142 1312 ---

766 1554 943 1631 CAPVT
973 1551 1306 1631 VNDECIMVM.

599 1733 702 1827 Quid
718 1733 880 1812 Sicanos
908 1738 1040 1810 credita
1067 1761 1214 1810 erronem
1232 1734 1336 1809 clade
1355 1738 1471 1835 operit.

579 1953 703 2028 Bassa
732 1952 918 2028 Budensis
943 1951 1119 2028 Sinanum
1146 1952 1191 2027 de
1221 1950 1519 2026 Christianorum
1538 1951 1601 2024 ad-

474 2087 595 2172 ventu,
614 2081 852 2178 consiliisque
871 2081 943 2155 iam
961 2088 1037 2156 tum
1058 2080 1196 2171 statim,
1215 2102 1297 2155 cum
1324 2079 1352 2152 ii
1370 2077 1601 2153 Albam-Rc·

475 2209 597 2301 golem
617 2209 762 2284 venturi
786 2206 1036 2304 crederentur,
1066 2206 1261 2280 certiorem
1280 2204 1514 2298 reddiderat;
1535 2203 1603 2277 sed

474 2333 511 2406 id
530 2334 594 2408 ille
614 2335 770 2431 primum
788 2356 862 2407 non
890 2331 1053 2423 credere,
1083 2341 1216 2426 postea
1242 2330 1351 2429 parvi
1377 2330 1517 2422 iacere,
1543 2329 1603 2402 de·

473 2480 569 2531 mum
589 2458 737 2551 cognito
756 2457 896 2531 infelici
915 2479 1065 2554 pugnae
1085 2465 1230 2547 eventu,
1249 2461 1392 2530 tautum
1411 2477 1484 2530 uon
1517 2477 1602 2529 exa-

472 2581 643 2674 nimatus,
664 2583 869 2656 concidere.
889 2583 935 2656 Id
954 2582 1053 2680 apud
1072 2582 1240 2657 Esekum
1260 2579 1435 2678 oppidum
1452 2579 1490 2653 in
1509 2581 1603 2654 inie-

473 2707 570 2780 riorc
591 2708 762 2804 Vngaria
780 2708 835 2782 illi
853 2708 997 2802 oceidit,
1027 2707 1091 2782 ubi
1118 2708 1171 2784 ita
1195 2727 1363 2783 moerore
1383 2727 1603 2803 oppressus,

473 2855 541 2929 per
558 2833 717 2909 triduum
735 2834 918 2928 integrum
946 2834 1127 2908 neminem
1157 2833 1205 2908 ad
1233 2855 1274 2906 sc
1302 2831 1459 2916 admisit,
1491 2831 1603 2922 omui,

473 2944 514 3031 ut
532 2957 644 3051 aiunt,
663 2958 758 3053 cibo,
777 2967 941 3055 potuque
961 2958 1151 3050 abstinuit,
1179 2979 1294 3054 segre
1323 2956 1456 3034 deinde
1476 2981 1499 3032 a
1519 2958 1602 3032 suis

474 3094 660 3181 exoratus,
679 3095 719 3162 ut
737 3107 884 3181 memor,
895 3085 1075 3183 pristinae
1104 3107 1194 3160 suae
1222 3084 1380 3176 virtutis,
1411 3091 1449 3158 et
1476 3105 1605 3159 rerum

473 3210 713 3285 humanarum
731 3211 1009 3304 vicissitudinis,
1029 3211 1189 3287 animum
1207 3219 1421 3302 resumeret,
1460 3217 1500 3285 ct
1528 3233 1604 3284 me-

474 3333 569 3409 liora
587 3335 760 3435 deinceps
787 3345 970 3432 speraret,
1006 3335 1195 3434 paululum
1223 3334 1438 3412 confirmato
1461 3335 1604 3430 animo,

474 3468 655 3558 captoque
674 3465 756 3539 cibo
776 3488 921 3540 rursum
941 3464 979 3537 in
997 3464 1111 3537 vitam
1143 3487 1184 3538 se
1214 3462 1324 3538 dedit.
1363 3461 1447 3539 Hoc
1475 3468 1603 3539 sutem

472 3586 585 3677 illum,
604 3610 695 3684 prae
714 3590 858 3682 ceteris,
878 3590 917 3665 in
935 3596 1042 3663 tanta
1060 3590 1232 3664 fortunae
1251 3588 1451 3664 mutatione
1470 3609 1605 3663 excru-

473 3712 609 3799 ciabat
631 3715 728 3810 quod
746 3714 839 3813 ipse,
860 3721 897 3788 et
917 3735 1049 3790 suasor
1068 3715 1148 3789 eius
1167 3712 1258 3788 belli
1276 3713 1420 3802 fuisset,
1451 3719 1490 3788 et
1519 3737 1604 3788 eum

474 3859 595 3932 aequa
615 3862 695 3913 cum
715 3839 884 3914 hostibus
904 3838 1122 3930 conditione,
1143 3833 1301 3935 integris
1332 3838 1453 3913 adhuc
1472 3839 1604 3933 rebus,

472 3963 682 4058 transigere
702 3966 893 4062 potuisset,
916 3967 1012 4040 bello
1033 3989 1113 4042 oum
1133 3966 1188 4041 cis
1208 3966 1380 4063 experiri,
1406 3987 1516 4062 quam
1536 3991 1604 4064 pe-

424 4077 428 4087 ’
476 4089 638 4165 tentibus
660 4090 750 4166 dare
769 4115 898 4190 pacem
917 4092 1122 4168 maluisset.
1144 4092 1359 4168 Accedebat
1385 4092 1434 4168 ad
1461 4115 1603 4190 augen-

473 4211 559 4287 dum
575 4215 654 4289 eius
674 4239 862 4313 angorem,
883 4218 980 4316 quod
999 4219 1135 4294 milites
1154 4219 1227 4293 iam
1255 4243 1278 4295 a
1309 4219 1429 4316 signis
1449 4217 1603 4318 dilapsi,

472 4338 572 4415 nullo
591 4340 757 4439 imperio,
776 4367 849 4418 non
866 4345 987 4437 minis,
1007 4367 1080 4420 non
1099 4346 1240 4444 poeuis,
1271 4345 1339 4421 sed
1356 4368 1404 4420 ne
1421 4347 1603 4444 praemiis

473 4463 620 4560 quidem
639 4467 725 4542 ullis
744 4477 917 4565 poterant
935 4469 1030 4562 sisti,
1050 4479 1089 4546 ut
1107 4471 1179 4546 iter
1197 4471 1298 4545 illius
1326 4471 1460 4569 ubique
1484 4471 1603 4566 fugae

472 4589 591 4665 simile
612 4591 926 4690 videretur3quod
945 4593 1009 4670 ille
1019 4593 1331 4688 animadvertens,
1344 4595 1431 4671 lieet
1448 4603 1602 4693 pontem

472 4713 592 4806 etiam,
631 4740 702 4813 quo
739 4717 876 4793 Savum
905 4720 953 4795 ad
974 4721 1200 4816 Belgradum
1236 4721 1431 4796 traducere
1469 4724 1602 4819 copias
