3625 5534
466 501 515 554 on
533 503 615 555 uun.
634 503 718 556 vno.
740 503 823 553 nnc.
852 504 901 555 xr.
921 503 955 555 u.
977 505 1001 554 1.
1243 483 1321 560 ‘299

196 678 348 753 Erasmi
374 677 632 754 Rotterodami
675 678 870 776 disciplina
909 680 1052 774 clarus,
1087 682 1209 757 triduo
1237 689 1324 780 post

196 806 424 905 reliquorum
442 806 649 897 adventum,
678 829 733 898 ea,
764 827 872 901 quam
893 807 1063 896 diximus
1092 809 1238 885 ratione
1257 833 1322 908 ap-

195 934 300 1032 pulit.
338 933 390 1007 Hi
418 932 454 1006 in
484 933 606 1007 aulam
635 932 684 1006 ad
702 931 913 1031 Principem
943 933 1137 1030 magnifice
1166 934 1323 1028 deducti,

196 1082 276 1134 rem
295 1082 437 1133 omnem
456 1047 601 1133 secreto
614 1067 847 1156 aperuerunt,
868 1061 1203 1159 clanculariamqne
1224 1058 1322 1137 Oan-

197 1184 343 1259 cellarii
363 1187 639 1282 suggestionem
668 1194 819 1261 ostenso
847 1187 928 1262 eius
949 1187 1198 1287 chirographo
1219 1188 1323 1286 liqui·

199 1312 282 1387 dius
293 1311 599 1387 demonstrarunt.
616 1311 880 1400 Subolfecerat
889 1338 967 1389 rem
976 1316 1003 1392 J
1005 1315 1125 1408 osiha,
1135 1323 1324 1413 totamque

199 1462 282 1515 eam
300 1446 445 1514 noctem
464 1440 667 1514 insomnem
685 1465 777 1538 prae
797 1440 1046 1517 sollicitudine
1065 1442 1325 1539 transigendo:

197 1566 403 1660 tugeretne‚
422 1589 469 1639 an
487 1573 732 1662 permaneret,
752 1566 814 1641 diu
832 1564 1057 1663 multumque
1078 1591 1201 1644 secum
1221 1569 1327 1642 auxi·

199 1716 220 1766 e
240 1691 491 1787 disquisierat.
518 1693 608 1766 Mox
626 1699 734 1766 nocte
753 1691 874 1765 adhuc
893 1691 1116 1790 intempesta
1135 1699 1246 1791 porta
1265 1716 1323 1768 ur-

199 1817 260 1892 bis
279 1840 471 1914 egressus,
504 1819 601 1892 inter
628 1840 732 1915 spem
761 1827 958 1894 acinetum
980 1820 1042 1894 diu
1059 1819 1324 1896 haesitaverat.

199 1943 370 2018 Tandem
390 1945 558 2018 vincente
578 1951 713 2018 metum
734 1966 801 2042 spe
821 1946 980 2019 animum
999 1945 1180 2037 obfirmat,
1201 1969 1327 2037 acma-

196 2076 280 2144 ture
300 2069 499 2160 salutatum
518 2068 728 2167 Principem
755 2069 795 2143 in
813 2069 992 2167 palatium
1022 2070 1177 2145 interius
1204 2072 1326 2167 ingre-

199 2195 305 2270 ditur.
325 2193 542 2268 Ininnxcrat
559 2193 633 2268 iam
652 2202 797 2269 secreto
808 2194 987 2294 Princeps
1000 2194 1189 2293 Stephano
1209 2196 1325 2270 Booz·

199 2319 310 2412 kaio,
339 2327 379 2393 ut
412 2320 567 2394 simulac
594 2317 819 2418 Stephanum
847 2321 972 2396 Lazar
1008 2321 1326 2420 praetorianorum

199 2445 434 2520 Praefectum
453 2443 587 2518 viderit
606 2443 654 2519 ad
665 2469 706 2520 se
717 2446 997 2542 ingredientem,
1017 2447 1210 2521 confestim
1230 2445 1325 2522 Oan-

201 2571 391 2647 cellarium
420 2570 682 2669 comprehendi
711 2572 864 2647 iuberet.
894 2569 970 2647 Sed
990 2579 1027 2647 et
1044 2571 1201 2646 tribunis
1220 2596 1327 2670 prae-

199 2697 426 2773 torianorum
445 2696 494 2772 ad
513 2719 555 2772 se
575 2699 731 2773 seorsim
751 2697 881 2772 accitis
910 2698 1148 2772 severissime
1167 2698 1327 2790 mandat,

201 2829 243 2899 ut
262 2845 514 2920 quemcunque
531 2823 743 2898 Boozkaius
771 2824 1034 2921 comprehendi
1052 2823 1213 2920 iusserit,
1235 2847 1326 2916 eum,

141 2999 145 3004 =
205 2948 373 3047 quisquis
392 2949 428 3023 is
444 2949 566 3043 fuerit,
585 2950 685 3025 illico
705 2950 878 3025 vinciant.
900 2952 961 3025 Ita
979 2949 1136 3026 tribunis
1155 2949 1192 3023 in
1220 2973 1327 3046 prae·

202 3075 334 3151 torium
363 3075 558 3171 ingressis,
587 3077 818 3152 Bocnkaios:
856 3073 1174 3174 comprehendite,
1201 3075 1329 3171 inquit,

200 3202 296 3277 hunc
308 3201 544 3299 proditorem,
564 3227 681 3301 eoque
692 3203 801 3279 simul
811 3203 909 3277 dicto
926 3200 1196 3276 Cancellarium
1207 3207 1329 3275 osten-

201 3327 262 3402 dit.
302 3327 422 3420 Quum
449 3329 483 3402 is
512 3337 610 3404 metu
628 3329 860 3404 exanimatus
879 3349 1030 3404 causam
1049 3326 1105 3403 rei
1123 3335 1330 3422 quaereret,

201 3476 359 3552 seseque
387 3462 585 3551 purgaret,
623 3454 785 3548 ostendit
823 3454 859 3528 ei
885 3451 1099 3526 Boczlraius
1137 3449 1330 3548 chirogra-

200 3582 322 3680 phum,
344 3602 416 3675 quo
428 3575 629 3655 Caesarem
649 3581 852 3679 proditorie
873 3582 1148 3654 submonuerat.
1169 3581 1226 3653 lta
1246 3600 1330 3675 cap-

199 3715 270 3799 tus,
291 3706 391 3780 acin
410 3705 511 3780 aliud
530 3708 706 3783 conclave
725 3706 865 3799 duetus,
885 3713 924 3781 et
943 3706 980 3779 in
999 3706 1159 3780 ferream
1183 3725 1326 3800 compe-

201 3832 284 3907 dem
312 3838 371 3905 est
398 3829 466 3904 IV.
487 3831 546 3905 die
565 3831 707 3930 Aprilis
728 3837 952 3930 compactus.
984 3829 1126 3903 Domus
1146 3827 1225 3902 eius
1245 3849 1328 3902 con-

199 3956 323 4034 festim
352 3963 410 4030 est
440 3966 630 4056 occupata,
658 3930 831 4033 arcasin
858 3956 987 4030 fiscum
1016 3954 1202 4046 redactae,
1230 3954 1329 4029 hona

201 4083 324 4158 omnia
352 4082 535 4180 adempta,
574 4109 668 4182 quae
697 4085 823 4181 quanti
850 4081 987 4157 fuerint
1013 4079 1255 4172 aestimanda,
1284 4101 1330 4154 ne

199 4209 311 4283 facile
332 4209 477 4305 quidem
488 4210 645 4285 iudicari
664 4218 798 4308 potest.
818 4206 1048 4283 Substitutus
1069 4206 1103 4280 ei
1115 4205 1218 4280 estin
1230 4201 1329 4279 Can·

201 4334 397 4411 cellariatu
425 4334 646 4411 authoritate
676 4334 860 4433 Principis
895 4341 1005 4429 atque
1025 4329 1330 4405 Oonsiliariorum

202 4461 415 4537 Demetrius
443 4459 660 4559 Napragius
689 4462 921 4559 Episcopus,
952 4459 1011 4533 vir
1039 4457 1254 4552 eruditione,
1285 4483 1330 4534 ac

204 4611 325 4663 rerum
343 4609 421 4679 usu,
443 4588 608 4685 miraque
629 4589 799 4664 comitate
820 4610 958 4662 morum
979 4586 1178 4662 excellens.

660 4819 743 4826 -----
796 4818 872 4828 -ο-ι
