3625 5534
490 529 540 581 on
558 523 638 578 sus.
658 523 742 578 vus.
760 528 844 582 osc.
857 531 892 582 x.
912 532 947 582 c.
968 532 1045 584 vnn.
1268 507 1346 586 185

217 716 308 806 isse,
339 719 375 788 et
404 709 551 786 iamiam
578 707 617 779 iu
652 704 745 778 fines
773 701 1094 805 Transylvanicas
1123 708 1345 807 irrupturam

209 838 375 914 incertis
405 832 612 911 rumoribus
636 831 885 923 nunciabatur,
912 841 949 908 et
964 832 1148 910 exercitus
1165 832 1344 909 Caesaris

220 963 376 1040 Turcici
394 957 543 1036 immani
561 978 643 1032 cum
661 963 846 1054 apparatu
869 958 908 1032 iu
937 959 1227 1059 Transalpinam
1255 941 1346 1036 duce

220 1089 386 1165 Ferhato
405 1088 529 1161 Bassa
547 1082 708 1159 transire
728 1085 942 1178 conabatur,
962 1085 1049 1185 quin
1069 1092 1107 1160 et
1124 1088 1250 1162 Bassa
1274 1087 1348 1162 Ti·

219 1212 498 1303 mbsvarieusis,
519 1209 658 1286 coactis
678 1216 760 1284 octo
789 1209 937 1286 circiter
954 1211 1118 1286 millibus
1154 1211 1349 1304 bominum,

220 1343 349 1440 palam
378 1335 545 1434 Georgio
573 1335 741 1435 Borbely
764 1337 957 1434 praefecto
991 1337 1236 1435 Lugosiensis
1261 1361 1350 1415 orae

221 1466 383 1564 superbe
403 1461 698 1558 denunciaverat,
719 1483 760 1536 se
780 1484 925 1559 quoquo
944 1463 993 1538 ad
1004 1461 1248 1541 solennitates
1258 1488 1346 1563 nup·

225 1594 360 1668 tiarum
398 1589 582 1690 Principis
619 1589 864 1665 celebrandas
903 1611 972 1688 pro
1017 1591 1098 1665 iure
1150 1590 1350 1666 vicinitatis

225 1719 431 1794 affuturum.
463 1714 532 1792 Oui
562 1711 752 1812 Georgius
782 1739 828 1790 ex
855 1717 1001 1792 nomine
1031 1739 1110 1810 suo,
1137 1715 1351 1793 scommatis

222 1841 454 1920 occasionem
482 1849 632 1934 nactus,
661 1841 808 1939 quando
827 1841 980 1918 Tonsor
1010 1844 1350 1939 cognominabatur,

224 1969 347 2045 missis
375 1968 517 2068 pariter
542 1967 741 2043 rusticanis
770 1968 989 2065 quibusdam
1012 1970 1255 2045 internunciis
1274 1993 1351 2046 res-

227 2096 426 2194 ponderat,
473 2101 749 2192 expectaturum
788 2115 829 2167 se
876 2095 1022 2169 Bassae
1060 2095 1276 2184 adventum,
1314 2103 1352 2169 et

229 2244 320 2312 eum,
359 2243 440 2294 cum
477 2217 527 2292 sit
561 2217 643 2316 ipse
668 2216 833 2310 Tonsor,
863 2241 936 2317 qno
962 2219 1128 2295 mundior
1155 2219 1350 2318 comptior·

227 2369 297 2443 qua
316 2346 529 2421 adsacrum
549 2343 713 2442 nuptiale
738 2344 945 2435 accederet,
975 2345 1120 2420 Bassae
1147 2345 1251 2444 prius
1279 2344 1347 2420 cri-

224 2494 290 2548 nes
319 2472 549 2546 abrasurum.
576 2469 758 2568 Princeps
785 2477 842 2545 tot
867 2469 1055 2568 tantisque
1082 2471 1182 2547 curis
1196 2467 1350 2546 distrac

166 2657 170 2662 .
226 2607 295 2691 tus,
314 2620 548 2696 nequaquam
567 2594 727 2671 animum
745 2594 1047 2695 despondendnm
1075 2605 1193 2691 ratus,
1221 2619 1350 2696 perac

229 2723 276 2798 tis
295 2722 427 2818 obiter,
446 2721 499 2798 uti
518 2721 812 2813 memoravimus,
831 2721 983 2820 nuptiis,
1003 2717 1187 2797 Oibinium
1207 2721 1352 2797 visendi

228 2847 351 2945 gratia
370 2844 524 2922 Socrum
543 2844 704 2921 deduxit
724 2847 813 2922 Mox
832 2869 914 2921 cum
932 2869 1057 2922 rumor
1075 2847 1350 2924 adventantium

228 2974 477 3050 Barbarorum
495 2970 615 3068 magis
634 2980 746 3071 atque
769 2972 890 3068 magis
918 2972 957 3046 iu
985 2971 1066 3047 dies
1092 2971 1350 3062 invalesceret,

228 3101 308 3177 sine
327 3123 432 3175 mora
449 3099 637 3175 reductam
654 3098 740 3175 inde
759 3100 918 3176 Matrem
945 3100 1215 3197 magnificeque
1239 3097 1352 3176 dona-

226 3235 310 3320 tam,
329 3225 610 3303 Thasnadinum
628 3247 745 3324 usque
763 3225 958 3303 comitatus
977 3233 1044 3302 est
1064 3225 1157 3300 Inde
1175 3249 1351 3302 reversus

228 3353 356 3450 copias
383 3351 544 3451 undique
569 3351 762 3451 proposito
791 3351 912 3428 edicto
949 3350 1188 3428 severissimo
1215 3349 1351 3428 Albam

228 3477 359 3553 Iuliam
378 3478 576 3554 convenire
601 3475 719 3553 iussit
752 3477 833 3553 Iam
856 3499 947 3554 vero
967 3473 1158 3575 Georgius
1176 3479 1352 3576 Borbdly,

231 3600 439 3678 admonitus
459 3626 484 3677 a
501 3601 673 3703 Principe
699 3610 740 3679 ut
766 3601 918 3701 aliquod
944 3604 1116 3678 fortunae
1143 3602 1348 3702 periculum

229 3731 381 3822 laceret,
400 3727 625 3804 Facziadum
644 3729 854 3824 obsederat,
877 3737 915 3805 et
931 3737 973 3805 ut
991 3751 1033 3805 se
1052 3728 1240 3821 dederont,
1267 3728 1353 3803 mis·

227 3854 279 3930 sis
296 3878 367 3954 pro
385 3876 487 3930 more
515 3855 832 3952 caduceatoribus,
860 3853 1131 3955 praesidiarios
1148 3860 1350 3929 monuerat

229 3978 288 4056 Illi
307 4004 390 4057 cum
408 3979 560 4078 superbi
578 3979 733 4080 primum
760 3980 895 4058 fiducia
928 3977 1165 4056 adventantis
1193 3979 1350 4071 Bassac,

231 4106 292 4203 qni
327 4103 563 4183 iureiurando
600 4106 823 4205 promiserat
850 4112 1031 4182 maturam
1057 4127 1101 4180 se
1129 4126 1237 4203 opem
1272 4103 1350 4179 illis

234 4229 448 4326 allaturum,
478 4211 698 4336 dediti-Em
736 4232 835 4310 arcis
862 4239 1112 4322 recusassent,
1141 4238 1179 4306 et
1204 4237 1349 4329 turpem

231 4357 432 4457 superioris
475 4358 637 4434 autumni
673 4360 861 4459 repulsam
899 4356 1038 4433 nostris
1085 4357 1352 4452 obJectassent,

226 4484 374 4559 tandem
393 4483 632 4560 reformidato
650 4483 835 4582 incendio,
850 4481 948 4582 quod
975 4506 1000 4557 a
1025 4480 1165 4557 nostms
1194 4480 1350 4555 castello

226 4607 484 4704 intentabatur,
508 4607 637 4685 eiectis
656 4616 765 4685 extra
781 4607 973 4707 pomoeria
989 4606 1028 4680 in
1047 4603 1245 4680 deditionis
1272 4604 1349 4702 sig-

228 4755 308 4810 num
334 4733 458 4832 pileis,
485 4733 557 4812 hac
584 4732 791 4815 conditione
809 4755 934 4809 arcem
966 4729 1129 4808 Barbari
1154 4727 1353 4823 tradidere,
