<?xml version="1.0" encoding="UTF-8"?>
<!DOCTYPE html PUBLIC "-//W3C//DTD XHTML 1.0 Transitional//EN"
    "http://www.w3.org/TR/xhtml1/DTD/xhtml1-transitional.dtd">
<html xmlns="http://www.w3.org/1999/xhtml" xml:lang="en" lang="en">
 <head>
  <title>
</title>
<meta http-equiv="Content-Type" content="text/html;charset=utf-8" />
  <meta name='ocr-system' content='tesseract 3.04.00' />
  <meta name='ocr-capabilities' content='ocr_page ocr_carea ocr_par ocr_line ocrx_word'/>
</head>
<body>
  <div class='ocr_page' id='page_1' title='image "./magyarhistorija00decsgoog_0279.png"; bbox 0 0 3625 5534; ppageno 0'>
   <div class='ocr_carea' id='block_1_1' title="bbox 464 493 1324 575">
    <p class='ocr_par' dir='ltr' id='par_1_1' title="bbox 464 493 1324 575">
     <span class='ocr_line' id='line_1_1' title="bbox 464 493 1324 575; baseline 0.003 -5"><span class='ocrx_word' id='word_1_1' title='bbox 464 519 512 570; x_wconf 85' lang='lat' dir='ltr'><strong>nn</strong></span> <span class='ocrx_word' id='word_1_2' title='bbox 531 517 613 571; x_wconf 86' lang='lat' dir='ltr'><strong>nun.</strong></span> <span class='ocrx_word' id='word_1_3' title='bbox 631 515 717 570; x_wconf 84' lang='lat' dir='ltr'><strong>vso.</strong></span> <span class='ocrx_word' id='word_1_4' title='bbox 736 517 819 570; x_wconf 84' lang='lat' dir='ltr'><strong>nno.</strong></span> <span class='ocrx_word' id='word_1_5' title='bbox 838 517 872 570; x_wconf 87' lang='lat' dir='ltr'><strong>x.</strong></span> <span class='ocrx_word' id='word_1_6' title='bbox 892 519 927 570; x_wconf 86' lang='lat' dir='ltr'><strong>n.</strong></span> <span class='ocrx_word' id='word_1_7' title='bbox 945 519 1023 571; x_wconf 82' lang='lat' dir='ltr'><strong>vm.</strong></span> <span class='ocrx_word' id='word_1_8' title='bbox 1247 493 1324 575; x_wconf 80' lang='lat'><strong>189</strong></span> 
     </span>
    </p>
   </div>
   <div class='ocr_carea' id='block_1_2' title="bbox 190 691 1328 3562">
    <p class='ocr_par' dir='ltr' id='par_1_2' title="bbox 190 691 1328 3562">
     <span class='ocr_line' id='line_1_2' title="bbox 190 691 1322 790; baseline 0.002 -24"><span class='ocrx_word' id='word_1_9' title='bbox 190 691 255 768; x_wconf 89' lang='lat' dir='ltr'><strong>diu</strong></span> <span class='ocrx_word' id='word_1_10' title='bbox 291 695 401 790; x_wconf 89' lang='lat' dir='ltr'><strong>panui</strong></span> <span class='ocrx_word' id='word_1_11' title='bbox 421 691 612 768; x_wconf 87' lang='lat' dir='ltr'><strong>Barbaros</strong></span> <span class='ocrx_word' id='word_1_12' title='bbox 641 693 849 790; x_wconf 81' lang='lat' dir='ltr'><strong>complures</strong></span> <span class='ocrx_word' id='word_1_13' title='bbox 876 692 1038 769; x_wconf 90' lang='lat' dir='ltr'><strong>inseonti</strong></span> <span class='ocrx_word' id='word_1_14' title='bbox 1055 694 1224 786; x_wconf 86' lang='lat' dir='ltr'><strong>fuissent,</strong></span> <span class='ocrx_word' id='word_1_15' title='bbox 1242 701 1322 769; x_wconf 90' lang='lat' dir='ltr'><strong>tan-</strong></span> 
     </span>
     <span class='ocr_line' id='line_1_3' title="bbox 191 815 1321 915; baseline 0.005 -27"><span class='ocrx_word' id='word_1_16' title='bbox 191 815 279 892; x_wconf 87' lang='lat' dir='ltr'><strong>dem</strong></span> <span class='ocrx_word' id='word_1_17' title='bbox 307 819 451 894; x_wconf 85' lang='lat' dir='ltr'><strong>reversi</strong></span> <span class='ocrx_word' id='word_1_18' title='bbox 478 818 707 915; x_wconf 84' lang='lat' dir='ltr'><strong>fugientibus</strong></span> <span class='ocrx_word' id='word_1_19' title='bbox 735 818 821 894; x_wconf 88' lang='lat' dir='ltr'><strong>aliis</strong></span> <span class='ocrx_word' id='word_1_20' title='bbox 836 824 843 842; x_wconf 82' lang='lat'><strong>&#39;</strong></span> <span class='ocrx_word' id='word_1_21' title='bbox 859 827 1116 914; x_wconf 76' lang='lat' dir='ltr'><strong>occurrerunt,</strong></span> <span class='ocrx_word' id='word_1_22' title='bbox 1154 827 1192 895; x_wconf 88' lang='lat' dir='ltr'><strong>et</strong></span> <span class='ocrx_word' id='word_1_23' title='bbox 1229 818 1321 894; x_wconf 90' lang='lat' dir='ltr'><strong>duos</strong></span> 
     </span>
     <span class='ocr_line' id='line_1_4' title="bbox 192 941 1322 1043; baseline 0.005 -28"><span class='ocrx_word' id='word_1_24' title='bbox 192 965 239 1016; x_wconf 83' lang='lat' dir='ltr'><strong>ex</strong></span> <span class='ocrx_word' id='word_1_25' title='bbox 256 942 306 1016; x_wconf 92' lang='lat' dir='ltr'><strong>iis</strong></span> <span class='ocrx_word' id='word_1_26' title='bbox 326 951 456 1041; x_wconf 86' lang='lat' dir='ltr'><strong>captos</strong></span> <span class='ocrx_word' id='word_1_27' title='bbox 474 943 710 1036; x_wconf 86' lang='lat' dir='ltr'><strong>reduxerunt,</strong></span> <span class='ocrx_word' id='word_1_28' title='bbox 730 943 997 1043; x_wconf 81' lang='lat' dir='ltr'><strong>egregiamque</strong></span> <span class='ocrx_word' id='word_1_29' title='bbox 1019 943 1166 1020; x_wconf 85' lang='lat' dir='ltr'><strong>laudem</strong></span> <span class='ocrx_word' id='word_1_30' title='bbox 1194 969 1218 1019; x_wconf 87' lang='lat' dir='ltr'><strong>a</strong></span> <span class='ocrx_word' id='word_1_31' title='bbox 1246 941 1322 1021; x_wconf 83' lang='lat' dir='ltr'><strong>Ge·</strong></span> 
     </span>
     <span class='ocr_line' id='line_1_5' title="bbox 193 1068 1324 1167; baseline 0.002 -24"><span class='ocrx_word' id='word_1_32' title='bbox 193 1068 315 1163; x_wconf 87' lang='lat' dir='ltr'><strong>orgio,</strong></span> <span class='ocrx_word' id='word_1_33' title='bbox 335 1069 476 1166; x_wconf 88' lang='lat' dir='ltr'><strong>praeda</strong></span> <span class='ocrx_word' id='word_1_34' title='bbox 493 1068 642 1167; x_wconf 82' lang='lat' dir='ltr'><strong>privati,</strong></span> <span class='ocrx_word' id='word_1_35' title='bbox 660 1077 954 1167; x_wconf 86' lang='lat' dir='ltr'><strong>reportaverunt.</strong></span> <span class='ocrx_word' id='word_1_36' title='bbox 974 1071 1173 1146; x_wconf 84' lang='lat' dir='ltr'><strong>Manubiae</strong></span> <span class='ocrx_word' id='word_1_37' title='bbox 1199 1077 1324 1146; x_wconf 89' lang='lat' dir='ltr'><strong>tamen</strong></span> 
     </span>
     <span class='ocr_line' id='line_1_6' title="bbox 193 1193 1322 1292; baseline 0.004 -25"><span class='ocrx_word' id='word_1_38' title='bbox 193 1193 365 1290; x_wconf 88' lang='lat' dir='ltr'><strong>reliquae</strong></span> <span class='ocrx_word' id='word_1_39' title='bbox 396 1217 523 1271; x_wconf 88' lang='lat' dir='ltr'><strong>omnes</strong></span> <span class='ocrx_word' id='word_1_40' title='bbox 551 1194 657 1269; x_wconf 89' lang='lat' dir='ltr'><strong>militi</strong></span> <span class='ocrx_word' id='word_1_41' title='bbox 696 1217 906 1271; x_wconf 85' lang='lat' dir='ltr'><strong>concessae.</strong></span> <span class='ocrx_word' id='word_1_42' title='bbox 944 1197 1041 1292; x_wconf 89' lang='lat' dir='ltr'><strong>Begi</strong></span> <span class='ocrx_word' id='word_1_43' title='bbox 1077 1197 1149 1274; x_wconf 88' lang='lat' dir='ltr'><strong>dno</strong></span> <span class='ocrx_word' id='word_1_44' title='bbox 1185 1194 1322 1272; x_wconf 88' lang='lat' dir='ltr'><strong>Albam</strong></span> 
     </span>
     <span class='ocr_line' id='line_1_7' title="bbox 194 1319 1323 1420; baseline 0.004 -26"><span class='ocrx_word' id='word_1_45' title='bbox 194 1319 332 1394; x_wconf 85' lang='lat' dir='ltr'><strong>Iuliam</strong></span> <span class='ocrx_word' id='word_1_46' title='bbox 352 1343 432 1395; x_wconf 88' lang='lat' dir='ltr'><strong>oum</strong></span> <span class='ocrx_word' id='word_1_47' title='bbox 450 1321 593 1418; x_wconf 84' lang='lat' dir='ltr'>aliquot</span> <span class='ocrx_word' id='word_1_48' title='bbox 610 1319 731 1417; x_wconf 86' lang='lat' dir='ltr'><strong>signis</strong></span> <span class='ocrx_word' id='word_1_49' title='bbox 751 1320 800 1396; x_wconf 86' lang='lat' dir='ltr'><strong>ad</strong></span> <span class='ocrx_word' id='word_1_50' title='bbox 817 1319 1029 1420; x_wconf 85' lang='lat' dir='ltr'><strong>Principem</strong></span> <span class='ocrx_word' id='word_1_51' title='bbox 1047 1321 1205 1397; x_wconf 78' lang='lat' dir='ltr'><strong>deducti.</strong></span> <span class='ocrx_word' id='word_1_52' title='bbox 1217 1321 1323 1398; x_wconf 89' lang='lat' dir='ltr'><strong>Post·</strong></span> 
     </span>
     <span class='ocr_line' id='line_1_8' title="bbox 195 1445 1323 1544; baseline 0.003 -24"><span class='ocrx_word' id='word_1_53' title='bbox 195 1467 308 1541; x_wconf 89' lang='lat' dir='ltr'><strong>quam</strong></span> <span class='ocrx_word' id='word_1_54' title='bbox 327 1445 366 1520; x_wconf 95' lang='lat' dir='ltr'><strong>in</strong></span> <span class='ocrx_word' id='word_1_55' title='bbox 385 1455 618 1544; x_wconf 89' lang='lat' dir='ltr'><strong>eonspeetnm</strong></span> <span class='ocrx_word' id='word_1_56' title='bbox 638 1445 718 1520; x_wconf 85' lang='lat' dir='ltr'><strong>eins</strong></span> <span class='ocrx_word' id='word_1_57' title='bbox 736 1445 938 1542; x_wconf 80' lang='lat' dir='ltr'><strong>honorifiee</strong></span> <span class='ocrx_word' id='word_1_58' title='bbox 956 1445 1063 1521; x_wconf 87' lang='lat' dir='ltr'><strong>allati</strong></span> <span class='ocrx_word' id='word_1_59' title='bbox 1091 1456 1186 1541; x_wconf 88' lang='lat' dir='ltr'><strong>sunt,</strong></span> <span class='ocrx_word' id='word_1_60' title='bbox 1216 1446 1323 1523; x_wconf 88' lang='lat' dir='ltr'><strong>Prin-</strong></span> 
     </span>
     <span class='ocr_line' id='line_1_9' title="bbox 196 1567 1322 1670; baseline 0.002 -25"><span class='ocrx_word' id='word_1_61' title='bbox 196 1593 287 1670; x_wconf 88' lang='lat' dir='ltr'><strong>oeps</strong></span> <span class='ocrx_word' id='word_1_62' title='bbox 308 1567 483 1648; x_wconf 83' lang='lat' dir='ltr'><strong>Oziafero</strong></span> <span class='ocrx_word' id='word_1_63' title='bbox 503 1571 684 1668; x_wconf 84' lang='lat' dir='ltr'><strong>originem</strong></span> <span class='ocrx_word' id='word_1_64' title='bbox 702 1594 927 1668; x_wconf 77' lang='lat' dir='ltr'><strong>causamque</strong></span> <span class='ocrx_word' id='word_1_65' title='bbox 953 1571 1067 1647; x_wconf 86' lang='lat' dir='ltr'><strong>totius</strong></span> <span class='ocrx_word' id='word_1_66' title='bbox 1093 1572 1203 1649; x_wconf 91' lang='lat' dir='ltr'><strong>huius</strong></span> <span class='ocrx_word' id='word_1_67' title='bbox 1231 1573 1322 1650; x_wconf 90' lang='lat' dir='ltr'><strong>belli</strong></span> 
     </span>
     <span class='ocr_line' id='line_1_10' title="bbox 197 1697 1323 1796; baseline 0.004 -24"><span class='ocrx_word' id='word_1_68' title='bbox 197 1699 415 1796; x_wconf 65' lang='lat' dir='ltr'><strong>exprobrat,</strong></span> <span class='ocrx_word' id='word_1_69' title='bbox 451 1705 489 1774; x_wconf 87' lang='lat' dir='ltr'><strong>et</strong></span> <span class='ocrx_word' id='word_1_70' title='bbox 531 1697 655 1774; x_wconf 85' lang='lat' dir='ltr'><strong>divino</strong></span> <span class='ocrx_word' id='word_1_71' title='bbox 692 1697 826 1772; x_wconf 84' lang='lat' dir='ltr'><strong>iudioio</strong></span> <span class='ocrx_word' id='word_1_72' title='bbox 864 1718 930 1773; x_wconf 87' lang='lat' dir='ltr'><strong>ees</strong></span> <span class='ocrx_word' id='word_1_73' title='bbox 966 1698 1089 1796; x_wconf 89' lang='lat' dir='ltr'><strong>puniri</strong></span> <span class='ocrx_word' id='word_1_74' title='bbox 1126 1698 1323 1796; x_wconf 83' lang='lat' dir='ltr'><strong>signifieat,</strong></span> 
     </span>
     <span class='ocr_line' id='line_1_11' title="bbox 197 1824 1324 1924; baseline 0.002 -26"><span class='ocrx_word' id='word_1_75' title='bbox 197 1825 347 1920; x_wconf 88' lang='lat' dir='ltr'><strong>quando</strong></span> <span class='ocrx_word' id='word_1_76' title='bbox 375 1824 509 1922; x_wconf 85' lang='lat' dir='ltr'><strong>partim</strong></span> <span class='ocrx_word' id='word_1_77' title='bbox 537 1825 680 1900; x_wconf 85' lang='lat' dir='ltr'><strong>mebris</strong></span> <span class='ocrx_word' id='word_1_78' title='bbox 711 1824 1072 1923; x_wconf 86' lang='lat' dir='ltr'><strong>depopulationibus,</strong></span> <span class='ocrx_word' id='word_1_79' title='bbox 1101 1825 1324 1924; x_wconf 88' lang='lat' dir='ltr'><strong>violatisque</strong></span> 
     </span>
     <span class='ocr_line' id='line_1_12' title="bbox 196 1947 1322 2049; baseline 0.004 -29"><span class='ocrx_word' id='word_1_80' title='bbox 196 1947 348 2042; x_wconf 86' lang='lat' dir='ltr'><strong>tinibus,</strong></span> <span class='ocrx_word' id='word_1_81' title='bbox 369 1949 503 2049; x_wconf 86' lang='lat' dir='ltr'><strong>partim</strong></span> <span class='ocrx_word' id='word_1_82' title='bbox 531 1948 839 2026; x_wconf 80' lang='lat' dir='ltr'><strong>extraordinariis</strong></span> <span class='ocrx_word' id='word_1_83' title='bbox 868 1948 1081 2048; x_wconf 83' lang='lat' dir='ltr'><strong>postulatis,</strong></span> <span class='ocrx_word' id='word_1_84' title='bbox 1110 1949 1322 2049; x_wconf 88' lang='lat' dir='ltr'><strong>legatisque</strong></span> 
     </span>
     <span class='ocr_line' id='line_1_13' title="bbox 198 2075 1324 2174; baseline 0.001 -24"><span class='ocrx_word' id='word_1_85' title='bbox 198 2075 279 2150; x_wconf 87' lang='lat' dir='ltr'><strong>suis</strong></span> <span class='ocrx_word' id='word_1_86' title='bbox 300 2077 463 2173; x_wconf 85' lang='lat' dir='ltr'><strong>superbe</strong></span> <span class='ocrx_word' id='word_1_87' title='bbox 481 2085 519 2151; x_wconf 92' lang='lat' dir='ltr'><strong>et</strong></span> <span class='ocrx_word' id='word_1_88' title='bbox 538 2075 736 2150; x_wconf 73' lang='lat' dir='ltr'><strong>crudeliter</strong></span> <span class='ocrx_word' id='word_1_89' title='bbox 754 2075 905 2170; x_wconf 85' lang='lat' dir='ltr'><strong>habitis,</strong></span> <span class='ocrx_word' id='word_1_90' title='bbox 933 2075 1065 2151; x_wconf 83' lang='lat' dir='ltr'><strong>foedus</strong></span> <span class='ocrx_word' id='word_1_91' title='bbox 1092 2075 1168 2174; x_wconf 90' lang='lat' dir='ltr'><strong>ipsi</strong></span> <span class='ocrx_word' id='word_1_92' title='bbox 1194 2083 1324 2151; x_wconf 89' lang='lat' dir='ltr'><strong>eontra</strong></span> 
     </span>
     <span class='ocr_line' id='line_1_14' title="bbox 201 2199 1326 2300; baseline 0.002 -25"><span class='ocrx_word' id='word_1_93' title='bbox 201 2201 259 2276; x_wconf 88' lang='lat' dir='ltr'><strong>ius</strong></span> <span class='ocrx_word' id='word_1_94' title='bbox 279 2199 445 2296; x_wconf 87' lang='lat' dir='ltr'><strong>gentium</strong></span> <span class='ocrx_word' id='word_1_95' title='bbox 464 2199 680 2278; x_wconf 81' lang='lat' dir='ltr'><strong>violassent.</strong></span> <span class='ocrx_word' id='word_1_96' title='bbox 699 2199 761 2275; x_wconf 88' lang='lat' dir='ltr'><strong>Illi</strong></span> <span class='ocrx_word' id='word_1_97' title='bbox 780 2223 861 2277; x_wconf 90' lang='lat' dir='ltr'><strong>oum</strong></span> <span class='ocrx_word' id='word_1_98' title='bbox 880 2199 1009 2300; x_wconf 88' lang='lat' dir='ltr'><strong>paneis</strong></span> <span class='ocrx_word' id='word_1_99' title='bbox 1037 2222 1124 2276; x_wconf 87' lang='lat' dir='ltr'><strong>sese</strong></span> <span class='ocrx_word' id='word_1_100' title='bbox 1150 2222 1326 2277; x_wconf 82' lang='lat' dir='ltr'><strong>exossas·</strong></span> 
     </span>
     <span class='ocr_line' id='line_1_15' title="bbox 199 2325 1325 2425; baseline -0.001 -22"><span class='ocrx_word' id='word_1_101' title='bbox 199 2335 292 2421; x_wconf 65' lang='lat' dir='ltr'><strong>sent,</strong></span> <span class='ocrx_word' id='word_1_102' title='bbox 313 2335 352 2402; x_wconf 87' lang='lat' dir='ltr'><strong>et</strong></span> <span class='ocrx_word' id='word_1_103' title='bbox 369 2325 530 2402; x_wconf 87' lang='lat' dir='ltr'><strong>maxima</strong></span> <span class='ocrx_word' id='word_1_104' title='bbox 548 2350 694 2425; x_wconf 89' lang='lat' dir='ltr'><strong>quaque</strong></span> <span class='ocrx_word' id='word_1_105' title='bbox 714 2325 949 2403; x_wconf 86' lang='lat' dir='ltr'><strong>demissionis</strong></span> <span class='ocrx_word' id='word_1_106' title='bbox 966 2325 1252 2424; x_wconf 81' lang='lat' dir='ltr'><strong>significatione,</strong></span> <span class='ocrx_word' id='word_1_107' title='bbox 1269 2329 1325 2402; x_wconf 82' lang='lat' dir='ltr'><strong>fa·</strong></span> 
     </span>
     <span class='ocr_line' id='line_1_16' title="bbox 201 2429 1325 2552; baseline 0.004 -26"><span class='ocrx_word' id='word_1_108' title='bbox 201 2429 329 2529; x_wconf 84' lang='lat' dir='ltr'><strong>vorem</strong></span> <span class='ocrx_word' id='word_1_109' title='bbox 356 2450 580 2552; x_wconf 88' lang='lat' dir='ltr'><strong>Prinoipalis</strong></span> <span class='ocrx_word' id='word_1_110' title='bbox 608 2453 820 2529; x_wconf 88' lang='lat' dir='ltr'><strong>Maiestatis</strong></span> <span class='ocrx_word' id='word_1_111' title='bbox 854 2453 1054 2530; x_wconf 85' lang='lat' dir='ltr'><strong>eonoiliare</strong></span> <span class='ocrx_word' id='word_1_112' title='bbox 1089 2453 1164 2529; x_wconf 90' lang='lat' dir='ltr'><strong>sibi</strong></span> <span class='ocrx_word' id='word_1_113' title='bbox 1201 2455 1325 2530; x_wconf 83' lang='lat' dir='ltr'><strong>eonati</strong></span> 
     </span>
     <span class='ocr_line' id='line_1_17' title="bbox 199 2576 1325 2678; baseline -0.001 -23"><span class='ocrx_word' id='word_1_114' title='bbox 199 2579 371 2672; x_wconf 83' lang='lat' dir='ltr'><strong>fuissent,</strong></span> <span class='ocrx_word' id='word_1_115' title='bbox 390 2578 610 2676; x_wconf 85' lang='lat' dir='ltr'><strong>Ujvarinum</strong></span> <span class='ocrx_word' id='word_1_116' title='bbox 629 2578 789 2672; x_wconf 85' lang='lat' dir='ltr'><strong>addneti,</strong></span> <span class='ocrx_word' id='word_1_117' title='bbox 807 2578 935 2678; x_wconf 87' lang='lat' dir='ltr'><strong>ibique</strong></span> <span class='ocrx_word' id='word_1_118' title='bbox 953 2579 992 2654; x_wconf 93' lang='lat' dir='ltr'><strong>in</strong></span> <span class='ocrx_word' id='word_1_119' title='bbox 1012 2602 1200 2656; x_wconf 87' lang='lat' dir='ltr'><strong>oaroerem</strong></span> <span class='ocrx_word' id='word_1_120' title='bbox 1229 2576 1325 2654; x_wconf 84' lang='lat' dir='ltr'><strong>eoin·</strong></span> 
     </span>
     <span class='ocr_line' id='line_1_18' title="bbox 199 2702 1322 2800; baseline 0.001 -20"><span class='ocrx_word' id='word_1_121' title='bbox 199 2706 301 2800; x_wconf 78' lang='lat' dir='ltr'><strong>panti</strong></span> <span class='ocrx_word' id='word_1_122' title='bbox 320 2705 434 2780; x_wconf 82' lang='lat' dir='ltr'><strong>fuere.</strong></span> <span class='ocrx_word' id='word_1_123' title='bbox 462 2703 632 2780; x_wconf 87' lang='lat' dir='ltr'><strong>Deviotis</strong></span> <span class='ocrx_word' id='word_1_124' title='bbox 658 2704 697 2780; x_wconf 91' lang='lat' dir='ltr'><strong>iu</strong></span> <span class='ocrx_word' id='word_1_125' title='bbox 722 2703 819 2779; x_wconf 88' lang='lat' dir='ltr'><strong>hune</strong></span> <span class='ocrx_word' id='word_1_126' title='bbox 846 2702 993 2780; x_wconf 88' lang='lat' dir='ltr'><strong>modum</strong></span> <span class='ocrx_word' id='word_1_127' title='bbox 1011 2703 1207 2795; x_wconf 77' lang='lat' dir='ltr'><strong>Barbarie,</strong></span> <span class='ocrx_word' id='word_1_128' title='bbox 1237 2703 1322 2781; x_wconf 89' lang='lat' dir='ltr'><strong>dum</strong></span> 
     </span>
     <span class='ocr_line' id='line_1_19' title="bbox 199 2829 1325 2929; baseline -0.001 -23"><span class='ocrx_word' id='word_1_129' title='bbox 199 2830 320 2908; x_wconf 83' lang='lat' dir='ltr'><strong>nostri</strong></span> <span class='ocrx_word' id='word_1_130' title='bbox 337 2830 497 2929; x_wconf 85' lang='lat' dir='ltr'><strong>Lippam</strong></span> <span class='ocrx_word' id='word_1_131' title='bbox 515 2830 748 2925; x_wconf 80' lang='lat' dir='ltr'><strong>oontendnnt,</strong></span> <span class='ocrx_word' id='word_1_132' title='bbox 768 2829 926 2924; x_wconf 76' lang='lat' dir='ltr'><strong>Turoan,</strong></span> <span class='ocrx_word' id='word_1_133' title='bbox 946 2830 1010 2927; x_wconf 91' lang='lat' dir='ltr'><strong>qui</strong></span> <span class='ocrx_word' id='word_1_134' title='bbox 1022 2829 1325 2928; x_wconf 81' lang='lat' dir='ltr'><strong>EperJ‘esierant,</strong></span> 
     </span>
     <span class='ocr_line' id='line_1_20' title="bbox 201 2955 1326 3054; baseline 0.002 -22"><span class='ocrx_word' id='word_1_135' title='bbox 201 2965 302 3034; x_wconf 86' lang='lat' dir='ltr'><strong>metu</strong></span> <span class='ocrx_word' id='word_1_136' title='bbox 330 2977 470 3049; x_wconf 70' lang='lat' dir='ltr'><strong>eorum,</strong></span> <span class='ocrx_word' id='word_1_137' title='bbox 499 2979 595 3054; x_wconf 88' lang='lat' dir='ltr'><strong>quae</strong></span> <span class='ocrx_word' id='word_1_138' title='bbox 623 2955 942 3034; x_wconf 81' lang='lat' dir='ltr'><strong>Faoziadensibus</strong></span> <span class='ocrx_word' id='word_1_139' title='bbox 968 2957 1140 3033; x_wconf 85' lang='lat' dir='ltr'><strong>evenisse</strong></span> <span class='ocrx_word' id='word_1_140' title='bbox 1175 2955 1326 3034; x_wconf 86' lang='lat' dir='ltr'><strong>audive-</strong></span> 
     </span>
     <span class='ocr_line' id='line_1_21' title="bbox 201 3083 1327 3184; baseline 0 -24"><span class='ocrx_word' id='word_1_141' title='bbox 201 3093 297 3177; x_wconf 84' lang='lat' dir='ltr'><strong>rant,</strong></span> <span class='ocrx_word' id='word_1_142' title='bbox 316 3083 404 3181; x_wconf 89' lang='lat' dir='ltr'><strong>igne</strong></span> <span class='ocrx_word' id='word_1_143' title='bbox 422 3085 532 3161; x_wconf 84' lang='lat' dir='ltr'><strong>teotis</strong></span> <span class='ocrx_word' id='word_1_144' title='bbox 550 3084 685 3163; x_wconf 87' lang='lat' dir='ltr'><strong>iniooto</strong></span> <span class='ocrx_word' id='word_1_145' title='bbox 705 3086 899 3178; x_wconf 81' lang='lat' dir='ltr'><strong>castellnm</strong></span> <span class='ocrx_word' id='word_1_146' title='bbox 917 3083 1156 3178; x_wconf 87' lang='lat' dir='ltr'><strong>inflammant,</strong></span> <span class='ocrx_word' id='word_1_147' title='bbox 1180 3085 1327 3184; x_wconf 86' lang='lat' dir='ltr'><strong>ipsique</strong></span> 
     </span>
     <span class='ocr_line' id='line_1_22' title="bbox 203 3208 1328 3310; baseline -0.004 -21"><span class='ocrx_word' id='word_1_148' title='bbox 203 3233 316 3289; x_wconf 83' lang='lat' dir='ltr'><strong>exeo</strong></span> <span class='ocrx_word' id='word_1_149' title='bbox 335 3210 560 3309; x_wconf 78' lang='lat' dir='ltr'><strong>profugiunt.</strong></span> <span class='ocrx_word' id='word_1_150' title='bbox 586 3209 887 3310; x_wconf 86' lang='lat' dir='ltr'><strong>Solymosienses</strong></span> <span class='ocrx_word' id='word_1_151' title='bbox 905 3213 1017 3288; x_wconf 86' lang='lat' dir='ltr'><strong>etiam</strong></span> <span class='ocrx_word' id='word_1_152' title='bbox 1035 3210 1191 3287; x_wconf 85' lang='lat' dir='ltr'><strong>eandem</strong></span> <span class='ocrx_word' id='word_1_153' title='bbox 1218 3208 1328 3287; x_wconf 87' lang='lat' dir='ltr'><strong>veriti</strong></span> 
     </span>
     <span class='ocr_line' id='line_1_23' title="bbox 202 3336 1326 3437; baseline -0.001 -25"><span class='ocrx_word' id='word_1_154' title='bbox 202 3339 396 3432; x_wconf 82' lang='lat' dir='ltr'><strong>fortunam,</strong></span> <span class='ocrx_word' id='word_1_155' title='bbox 417 3337 611 3414; x_wconf 85' lang='lat' dir='ltr'><strong>eastellum</strong></span> <span class='ocrx_word' id='word_1_156' title='bbox 629 3337 813 3432; x_wconf 85' lang='lat' dir='ltr'><strong>deserunt,</strong></span> <span class='ocrx_word' id='word_1_157' title='bbox 842 3345 879 3412; x_wconf 90' lang='lat' dir='ltr'><strong>et</strong></span> <span class='ocrx_word' id='word_1_158' title='bbox 907 3360 982 3434; x_wconf 90' lang='lat' dir='ltr'><strong>qna</strong></span> <span class='ocrx_word' id='word_1_159' title='bbox 1009 3336 1140 3437; x_wconf 82' lang='lat' dir='ltr'><strong>ruique</strong></span> <span class='ocrx_word' id='word_1_160' title='bbox 1169 3359 1326 3414; x_wconf 87' lang='lat' dir='ltr'><strong>eommo-</strong></span> 
     </span>
     <span class='ocr_line' id='line_1_24' title="bbox 202 3463 1002 3562; baseline 0.001 -24"><span class='ocrx_word' id='word_1_161' title='bbox 202 3463 395 3540; x_wconf 88' lang='lat' dir='ltr'><strong>dissimum</strong></span> <span class='ocrx_word' id='word_1_162' title='bbox 412 3487 458 3540; x_wconf 89' lang='lat' dir='ltr'><strong>ao</strong></span> <span class='ocrx_word' id='word_1_163' title='bbox 475 3463 681 3562; x_wconf 88' lang='lat' dir='ltr'><strong>proximum</strong></span> <span class='ocrx_word' id='word_1_164' title='bbox 698 3463 778 3560; x_wconf 79' lang='lat' dir='ltr'><strong>tuit,</strong></span> <span class='ocrx_word' id='word_1_165' title='bbox 798 3463 1002 3561; x_wconf 80' lang='lat' dir='ltr'><strong>diffugiunt.</strong></span> 
     </span>
    </p>
   </div>
   <div class='ocr_carea' id='block_1_3' title="bbox 332 3985 1206 4270">
    <p class='ocr_par' dir='ltr' id='par_1_3' title="bbox 332 3985 1206 4270">
     <span class='ocr_line' id='line_1_25' title="bbox 537 3985 998 4068; baseline -0.007 -4"><span class='ocrx_word' id='word_1_166' title='bbox 537 3986 713 4068; x_wconf 78' lang='lat' dir='ltr'>OAPVT</span> <span class='ocrx_word' id='word_1_167' title='bbox 741 3985 998 4065; x_wconf 79' lang='lat' dir='ltr'>DECIMVM.</span> 
     </span>
     <span class='ocr_line' id='line_1_26' title="bbox 332 4161 1206 4270; baseline -0.013 -22"><span class='ocrx_word' id='word_1_168' title='bbox 332 4172 388 4248; x_wconf 86' lang='lat' dir='ltr'><strong>De</strong></span> <span class='ocrx_word' id='word_1_169' title='bbox 407 4185 516 4270; x_wconf 81' lang='lat' dir='ltr'><strong>captu</strong></span> <span class='ocrx_word' id='word_1_170' title='bbox 535 4169 667 4268; x_wconf 82' lang='lat' dir='ltr'><strong>Lippa,</strong></span> <span class='ocrx_word' id='word_1_171' title='bbox 690 4169 870 4262; x_wconf 74' lang='lat' dir='ltr'><strong>Pontou,</strong></span> <span class='ocrx_word' id='word_1_172' title='bbox 889 4165 980 4259; x_wconf 58' lang='lat' dir='ltr'><strong>Sive,</strong></span> <span class='ocrx_word' id='word_1_173' title='bbox 1000 4161 1206 4262; x_wconf 79' lang='lat' dir='ltr'><strong>Aradoqzae.</strong></span> 
     </span>
    </p>
   </div>
   <div class='ocr_carea' id='block_1_4' title="bbox 206 4337 1330 4698">
    <p class='ocr_par' dir='ltr' id='par_1_4' title="bbox 206 4337 1330 4698">
     <span class='ocr_line' id='line_1_27' title="bbox 315 4337 1329 4448; baseline -0.014 -20"><span class='ocrx_word' id='word_1_174' title='bbox 315 4349 504 4448; x_wconf 84' lang='lat' dir='ltr'><strong>Georgius</strong></span> <span class='ocrx_word' id='word_1_175' title='bbox 541 4349 707 4446; x_wconf 80' lang='lat' dir='ltr'><strong>Borbely</strong></span> <span class='ocrx_word' id='word_1_176' title='bbox 741 4345 888 4422; x_wconf 84' lang='lat' dir='ltr'><strong>interim</strong></span> <span class='ocrx_word' id='word_1_177' title='bbox 925 4340 1101 4420; x_wconf 86' lang='lat' dir='ltr'><strong>mandato</strong></span> <span class='ocrx_word' id='word_1_178' title='bbox 1143 4337 1329 4437; x_wconf 78' lang='lat' dir='ltr'><strong>Principis</strong></span> 
     </span>
     <span class='ocr_line' id='line_1_28' title="bbox 206 4464 1330 4571; baseline -0.015 -15"><span class='ocrx_word' id='word_1_179' title='bbox 206 4501 353 4558; x_wconf 81' lang='lat' dir='ltr'><strong>cursum</strong></span> <span class='ocrx_word' id='word_1_180' title='bbox 388 4476 567 4551; x_wconf 79' lang='lat' dir='ltr'><strong>victoriae</strong></span> <span class='ocrx_word' id='word_1_181' title='bbox 613 4498 661 4550; x_wconf 84' lang='lat' dir='ltr'><strong>ex</strong></span> <span class='ocrx_word' id='word_1_182' title='bbox 705 4470 939 4571; x_wconf 79' lang='lat' dir='ltr'><strong>praescripto</strong></span> <span class='ocrx_word' id='word_1_183' title='bbox 986 4468 1140 4543; x_wconf 89' lang='lat' dir='ltr'><strong>militiae</strong></span> <span class='ocrx_word' id='word_1_184' title='bbox 1168 4464 1330 4539; x_wconf 76' lang='lat' dir='ltr'><strong>continu·</strong></span> 
     </span>
     <span class='ocr_line' id='line_1_29' title="bbox 208 4587 1330 4698; baseline -0.018 -14"><span class='ocrx_word' id='word_1_185' title='bbox 208 4605 343 4684; x_wconf 88' lang='lat' dir='ltr'><strong>andum</strong></span> <span class='ocrx_word' id='word_1_186' title='bbox 395 4607 528 4690; x_wconf 85' lang='lat' dir='ltr'><strong>ratus,</strong></span> <span class='ocrx_word' id='word_1_187' title='bbox 583 4598 741 4698; x_wconf 83' lang='lat' dir='ltr'><strong>Lippsm</strong></span> <span class='ocrx_word' id='word_1_188' title='bbox 797 4595 915 4685; x_wconf 83' lang='lat' dir='ltr'><strong>ducit,</strong></span> <span class='ocrx_word' id='word_1_189' title='bbox 972 4615 1126 4689; x_wconf 89' lang='lat' dir='ltr'><strong>eamque</strong></span> <span class='ocrx_word' id='word_1_190' title='bbox 1182 4587 1330 4687; x_wconf 82' lang='lat' dir='ltr'><strong>quantis</strong></span> 
     </span>
    </p>
   </div>
   <div class='ocr_carea' id='block_1_5' title="bbox 0 0 1841 5534">
    <p class='ocr_par' dir='ltr' id='par_1_5' title="bbox 0 0 1841 5534">
     <span class='ocr_line' id='line_1_30' title="bbox 0 0 1841 5534; baseline 0 0"><span class='ocrx_word' id='word_1_191' title='bbox 0 0 1841 5534; x_wconf 95' lang='lat' dir='ltr'><strong> </strong></span> 
     </span>
    </p>
   </div>
  </div>
 </body>
</html>
