3625 5534
488 517 565 594 256
896 537 947 588 ro.
968 536 1069 587 nucu
1088 535 1238 587 anaovrr

486 725 554 810 est,
574 739 620 792 ao
637 715 736 790 bono
760 714 881 790 animo
912 733 998 787 esse
1016 711 1134 786 iussit.
1175 711 1270 784 Tum
1299 709 1433 784 iunctis
1461 705 1613 802 agmini·

485 845 557 917 bus
577 839 683 938 quasi
710 837 1039 935 triumphabuudus
1060 837 1216 934 Lippam
1251 833 1447 926 invehitur,
1471 832 1614 907 institn-

483 976 545 1043 tas
570 965 731 1040 hostium
763 962 983 1038 munitiones
1020 961 1234 1053 admiratur,
1272 961 1400 1034 ruinas
1428 980 1611 1033 murorum

484 1082 698 1191 perlustrat,
718 1089 841 1188 capita
860 1109 1049 1164 caesorem
1071 1093 1252 1184 aspectat,
1273 1093 1310 1158 et
1330 1109 1376 1160 ex
1385 1084 1433 1158 iis
1443 1083 1611 1158 omnibus

482 1221 595 1295 rebus
612 1217 724 1291 facile
742 1215 890 1306 iudicat,
929 1221 1065 1311 quanto
1089 1235 1170 1286 curu
1195 1212 1370 1311 periculo,
1409 1218 1445 1286 et
1474 1217 1610 1307 quauta

433 1355 439 1371 ⁸
486 1371 569 1423 cum
588 1345 724 1420 virtute
744 1344 819 1417 siut
836 1366 898 1417 res
927 1342 980 1416 ibi
1009 1367 1032 1415 a
1060 1341 1138 1416 suis
1168 1339 1464 1415 administratae.
1494 1333 1610 1412 Geor-

484 1472 584 1569 gium
603 1492 670 1569 pro
690 1468 769 1543 eius
788 1468 928 1555 merito,
948 1476 1136 1564 totamque
1162 1467 1399 1541 obsessorum
1420 1459 1607 1538 cohortem

430 1685 434 1692 ‚
487 1595 685 1684 collaudat,
705 1602 840 1669 etcum
866 1593 961 1669 alios
989 1593 1143 1669 militum
1160 1593 1339 1684 tribunos,
1371 1597 1444 1664 turn
1463 1588 1610 1664 Petrum

486 1721 764 1812 Barrabasium,
784 1720 1024 1797 Franciscum
1045 1720 1235 1811 Thorium,
1255 1719 1430 1793 Ioannem
1449 1711 1612 1814 Captari,

486 1873 530 1924 ac
548 1848 774 1947 praefectum
787 1844 978 1923 Scotorum
997 1847 1215 1944 singillatim
1227 1846 1437 1944 compellat,
1458 1863 1608 1941 quornm

361 2011 364 2015 f
485 1975 676 2072 egregiam
694 1972 811 2048 luisse
830 1973 1003 2050 m'rtutem
1023 1973 1232 2050 testimonio
1251 1968 1409 2067 Georgii
1427 1989 1608 2068 cognove-

482 2109 552 2177 rat.
571 2100 664 2176 Post
681 2099 776 2175 baec
793 2100 923 2197 paucis
941 2099 993 2175 ibi
1014 2099 1128 2197 quieti
1147 2099 1278 2174 diebus
1288 2096 1488 2188 concessis,
1508 2093 1608 2169 Prin·

484 2249 574 2325 ceps
593 2225 753 2301 militare
773 2225 965 2300 consilium
984 2224 1123 2316 indicit,
1162 2233 1200 2299 et
1227 2223 1508 2300 reducendaene
1537 2219 1608 2295 sint

484 2352 623 2452 copiae,
644 2376 690 2426 an
699 2350 856 2428 ulterius
875 2352 1158 2449 promovendae,
1183 2349 1528 2447 Timbsvarumque
1548 2347 1607 2422 ob-

485 2477 686 2565 sidendum,
716 2478 946 2554 deliberandi
975 2501 1089 2553 causa
1112 2477 1316 2577 proposuit.
1338 2478 1436 2552 Tres
1455 2475 1509 2550 ibi
1529 2496 1606 2550 sen-

482 2603 619 2679 tentias
637 2603 754 2680 fuisse
774 2604 970 2704 comperio.
1009 2603 1183 2700 Plerique
1212 2604 1308 2679 enim
1327 2602 1532 2678 censebant
1551 2623 1606 2676 co·
1727 2673 1728 2704 ,

482 2728 566 2828 pias
614 2729 760 2805 omniuo
798 2729 1054 2824 dimittendae,
1094 2753 1173 2805 cum
1210 2729 1370 2806 nondum
1408 2751 1474 2805 ver
1510 2733 1607 2804 esset
1727 2709 1728 2723 Ν

485 2855 659 2948 adultum,
688 2880 758 2932 nec
779 2857 862 2956 equi
891 2858 991 2933 satis
1005 2858 1051 2933 ad
1079 2858 1214 2933 iustum
1242 2856 1443 2954 gerendum
1472 2855 1605 2932 bellurn

482 2981 697 3060 confirmati.
734 2979 915 3059 Sufficere
943 3005 1038 3058 nuuc
1074 2983 1171 3058 hanc
1198 2983 1403 3076 victoriam,
1445 2981 1543 3080 qnod
1570 2987 1604 3054 et

482 3111 606 3208 Lippa
625 3107 821 3186 obsidione
841 3116 942 3184 esset
961 3109 1131 3200 liberata,
1161 3083 1329 3207 finesque
1349 3109 1446 3186 salui
1457 3129 1601 3186 conser-

485 3235 572 3328 vati,
608 3242 645 3310 et
672 3235 800 3311 hostes
828 3257 901 3309 non
931 3236 1067 3332 exigua
1086 3235 1192 3311 clade
1212 3243 1368 3335 accepta
1396 3235 1435 3310 in
1464 3243 1604 3334 turpem

481 3361 610 3456 fugam
638 3362 749 3436 versi.
798 3361 926 3438 Affore
954 3362 1066 3461 paulo
1094 3370 1180 3461 post
1209 3361 1434 3439 commodius
1453 3369 1604 3458 tempus,

485 3508 556 3584 quo
576 3494 614 3559 et
630 3485 879 3585 provinciales
897 3488 1156 3566 instructiores
1176 3510 1220 3564 ac
1249 3487 1452 3566 alacriores
1471 3489 1598 3572 forent,

483 3620 521 3688 et
540 3610 669 3709 copiae
681 3607 928 3689 Germanicae
947 3636 1028 3689 curn
1047 3615 1211 3691 exercitu
1234 3609 1452 3711 Hu'ngarico
1471 3612 1602 3712 partim

482 3737 686 3824 subsidium
705 3738 901 3831 mitterent,
921 3741 1057 3839 partim
1076 3743 1235 3817 obsessa
1268 3742 1394 3839 aliqua
1423 3763 1521 3832 arce,
1550 3761 1604 3814 oo

408 3905 413 3908 ·
483 3867 669 3943 casionem
704 3867 760 3942 rei
796 3867 928 3942 melius
973 3867 1158 3965 gerendae
1194 3867 1432 3968 praebiturae
1470 3871 1603 3944 esseut.

481 3993 683 4091 Displicuit
718 3991 803 4069 aliis
838 3993 933 4070 haec
978 3994 1182 4084 cunctatio,
1219 4017 1273 4086 eo,
1316 3991 1414 4092 qnod
1451 3989 1603 4068 victoria

483 4117 666 4209 utendum,
686 4141 731 4193 ac
750 4118 937 4195 occasioni
955 4119 1165 4196 instandum
1194 4119 1369 4212 dicerent,
1399 4139 1474 4216 qua
1493 4114 1603 4194 semel

483 4244 633 4337 amissa,
650 4245 791 4321 frustra
808 4252 943 4344 postea
970 4247 1153 4322 maximae
1173 4267 1342 4343 quaeque
1360 4265 1422 4319 res
1440 4243 1478 4316 in
1498 4241 1603 4330 bello,

484 4368 582 4470 quod
599 4370 699 4447 fama
717 4371 875 4447 maxime
894 4379 1092 4464 constaret,
1121 4377 1362 4448 tentarentur.
1390 4369 1499 4445 Nunc
1517 4369 1603 4444 Bar·

483 4497 597 4571 baros
616 4496 664 4571 ab
684 4497 876 4574 obsidione
905 4501 1021 4592 fusos,
1048 4472 1120 4575 bon
1140 4521 1270 4597 parum
1289 4519 1375 4572 esse
1394 4501 1602 4572 consterna-

484 4630 554 4713 tos,
572 4621 628 4697 ita
645 4630 686 4698 nt
702 4631 800 4700 metu
819 4626 993 4723 perculsi,
1013 4624 1074 4699 vel
1093 4646 1215 4700 arcem
1226 4623 1337 4700 etiarn
1350 4622 1471 4720 ipsam
1481 4619 1600 4694 deser·

482 4744 566 4838 turi,
583 4745 644 4819 vel
655 4753 756 4822 certe
768 4749 1197 4851 exemploLippensium
1218 4744 1600 4850 atqueJeneicnsiurn.
