3625 5534
452 428 532 506 324
850 448 899 501 10.
919 447 1021 500 nrcrr
1039 447 1190 501 annovu

451 627 622 704 mundum
640 624 849 723 Principem
877 624 1040 716 miserat,
1069 622 1405 722 benevolentiaque
1423 647 1493 700 sua
1510 648 1594 700 am-

452 751 619 852 plissime
637 751 832 850 promissa,
853 749 989 828 obnixe
1007 772 1090 825 eum
1117 756 1331 844 rogaverat,
1350 755 1391 826 nt
1408 773 1520 826 uuum
1540 775 1595 826 ex

453 878 592 954 intimis
610 899 770 969 suorum,
799 898 954 974 quocum
973 871 1129 953 consilia
1151 875 1448 968 communicaret,
1475 875 1526 952 ad
1546 899 1597 960 se
1728 943 1729 966 ,

454 1003 600 1087 mittere
627 1025 702 1080 non
721 1002 917 1083 dubitaret.
947 1000 1129 1100 Princeps
1148 1001 1222 1081 etsi
1240 1001 1488 1098 periculosum
1506 1003 1598 1078 lore

456 1129 601 1210 rideret
622 1119 787 1214 'salebro
802 1127 964 1212 'suorum
982 1133 1059 1205 tarn
1076 1127 1242 1211 barbara
1275 1126 1436 1211 feritate
1452 1127 1600 1208 imma:

454 1254 746 1340 contaedere
764 1260 890 1336 tamen
904 1261 992 1353 post
1010 1253 1161 1350 longam
1182 1253 1489 1352 disceptationem
1509 1263 1598 1332 tan-

457 1382 539 1461 dem
553 1381 643 1458 vicit
661 1403 708 1466 ea
725 1381 764 1459 iu
782 1379 939 1456 consilio
957 1380 1154 1474 mutantis,
1171 1388 1212 1457 ut
1231 1381 1294 1459 vel
1312 1387 1451 1459 terrem
1464 1382 1598 1480 potius

458 1532 563 1607 spem
569 1514 800 1599 tantam,seu
817 1507 1013 1595 fortunam,
1025 1506 1272 1604 experiretur,
1284 1529 1393 1604 quam
1405 1507 1597 1604 perigna

457 1634 556 1715 viam
575 1632 764 1712 occasioni
784 1631 948 1711 defuisse
960 1631 1156 1712 videretur.
1176 1631 1299 1728 Igitur
1308 1633 1484 1710 loannem
1496 1633 1597 1715 Ber·

456 1759 628 1854 amrium,
646 1781 756 1835 unum
771 1781 818 1834 ex
832 1758 1192 1837 intimissecretariis
1205 1758 1321 1856 eligit,
1334 1764 1489 1857 eurique
1504 1783 1596 1838 cum

457 1885 599 1983 aliquot
616 1884 752 1960 combis
772 1879 1043 1975 cancellariae,
1064 1883 1235 1963 adiuncto
1253 1883 1289 1961 ei
1308 1881 1597 1979 collegaGeor·

457 2011 521 2110 gio
538 2009 652 2104 Rara,
672 2010 721 2084 ad
735 2008 984 2114 Tartarorum
1002 2006 1182 2087 Chaunum
1200 2008 1386 2107 proficisci
1404 2010 1518 2088 iubet
1552 2013 1597 2088 Is

457 2137 547 2222 lieet
564 2134 664 2212 haud
682 2135 882 2232 ignoraret,
913 2142 1049 2233 quanto
1078 2157 1160 2212 cum
1177 2135 1343 2234 periculo
1360 2135 1434 2213 iter
1453 2135 1597 2214 Tarta-

457 2262 573 2339 ricum
592 2260 656 2341 vix
673 2284 834 2358 unquam
852 2261 901 2341 ab
922 2261 1008 2336 aliis
1026 2268 1205 2340 tentatum
1217 2261 1384 2338 obiturus
1395 2270 1516 2340 esset:
1536 2271 1596 2338 ta-

456 2412 541 2468 men
560 2411 642 2464 cum
661 2388 834 2467 mandato
853 2409 993 2466 morem
1011 2411 1145 2484 gerere
1162 2388 1328 2482 deberet,
1348 2388 1596 2486 legatisTar·

458 2515 588 2592 taricis
616 2515 810 2593 adiunctus
838 2514 995 2614 primurn
1022 2514 1060 2590 in
1081 2514 1381 2613 Transalpinam,
1409 2539 1496 2592 mox
1523 2538 1596 2614 per

460 2634 735 2734 Borysthenem
753 2637 996 2716 adTartaros
1015 2639 1194 2735 pervenit.
1221 2639 1282 2717 lbi
1301 2664 1326 2715 a
1344 2639 1594 2720 Tartareum

461 2760 603 2838 chamo
622 2760 785 2857 benigne
804 2770 992 2860 exceptus,
1013 2786 1058 2840 cc
1076 2763 1238 2858 audites,
1257 2763 1441 2840 adimrtis
1460 2786 1595 2842 rursus

459 2885 568 2961 novis
595 2883 733 2982 legatis
760 2910 887 2963 mense
914 2888 1061 2974 tandem
1091 2887 1192 2966 Maio
1212 2891 1339 2970 salum
1357 2890 1396 2966 in
1414 2890 1596 2970 Transal-

460 3012 585 3112 piuaru
612 3011 718 3090 redit
757 3013 801 3090 Id
828 3036 938 3112 quum
968 3011 1181 3112 Stephanus
1201 3014 1319 3090 Zubai
1347 3022 1385 3091 et
1413 3016 1596 3094 Nicotaus

460 3139 617 3218 Istvdnfi
637 3136 818 3215 Caesarei
843 3163 912 3238 per
931 3139 1247 3238 Transylvauiam
1265 3141 1383 3240 legati
1400 3142 1595 3240 cognoris·

462 3271 556 3358 sent,
573 3265 708 3362 partim
726 3274 767 3342 ut
785 3266 1005 3345 Michaelem
1026 3267 1233 3363 Vajvodam
1251 3267 1408 3349 infidam
1427 3268 1594 3346 acclien-

462 3389 831 3487 telamlmperatoris
842 3390 1092 3474 Romanorum
1111 3392 1334 3491 acciperent,
1352 3394 1489 3493 partim
1505 3415 1595 3469 vero

462 3519 503 3591 ut
520 3513 671 3609 legatos
685 3513 903 3595 Tartaricos
922 3516 1059 3592 ibidem
1073 3518 1300 3617 expedirent,
1319 3541 1367 3596 ne
1384 3518 1595 3616 frequentia

461 3638 607 3715 itineris
626 3639 791 3737 regionis
819 3641 929 3716 situm
958 3643 1032 3717 sibi
1053 3642 1275 3724 familiarem
1302 3643 1359 3721 illi
1386 3644 1596 3738 redderent

462 3765 501 3839 in
520 3764 810 3864 Transalpinam
838 3766 893 3842 ire
922 3773 1142 3843 statuerunt.
1181 3768 1302 3867 Igitur
1330 3778 1521 3869 assumpto
1540 3793 1595 3848 se·

465 3911 544 3964 cum
557 3887 728 3990 Caspare
741 3891 921 3965 Komisio
941 3892 1021 3968 viro
1041 3893 1203 3993 supremi
1222 3893 1374 3989 ordinis,
1394 3918 1597 3996 quampos-

464 4022 550 4091 sunt
570 4015 763 4091 celerrime
780 4016 818 4097 in
838 4015 1128 4117 Transalpinam
1146 4018 1442 4120 proficiscuntur,
1471 4020 1595 4120 ibique

464 4139 834 4218 honorificentissime
854 4144 1009 4241 accepti,
1029 4144 1211 4243 praestito
1230 4145 1435 4221 iuramento
1453 4144 1593 4225 Palati·

463 4288 550 4340 num
569 4266 682 4341 certis
712 4267 983 4344 conditionibus
1012 4270 1048 4343 in
1068 4269 1276 4348 clientelam
1297 4267 1475 4348 Caesaris
1507 4272 1597 4348 reci·

464 4391 577 4487 piant.
606 4391 752 4468 Deinde
780 4394 965 4492 expeditis
992 4393 1128 4494 legatis
1157 4396 1386 4490 Tartaricis,
1424 4397 1596 4476 adiuncto

466 4517 522 4592 eis
539 4539 669 4594 rursus
687 4519 829 4596 Ioanne
846 4519 1009 4598 Posonio
1039 4528 1076 4597 et
1094 4517 1263 4620 Georgia
1281 4522 1385 4599 Racz
1413 4545 1495 4600 cum
1522 4547 1595 4599 am-

465 4638 644 4745 plissimis
672 4665 739 4724 eos
765 4644 950 4725 mandatis
978 4655 1090 4746 atque
1109 4647 1295 4730 donativis
1322 4649 1362 4726 iu
1381 4649 1595 4730 Tartariam
