3625 5534
648 431 686 498 ba
703 431 842 499 munuli.
1207 433 1319 499 XLIX

211 613 295 690 bunc
329 637 475 690 sacrum
512 613 681 691 Iustitiae
725 614 859 692 librum
905 616 1170 712 benignissimo
1207 617 1319 708 vultu,

211 740 392 839 magnique
429 740 530 817 illius
567 739 788 817 Artaxerxis
827 741 1034 841 exemplum
1070 741 1225 818 imitare.
1273 741 1321 818 Ei

211 867 293 940 enim
307 865 344 941 in
364 866 426 942 via
444 867 672 966 obequitanti
691 891 770 944 cum
781 890 922 968 pauper
942 868 1090 966 quidam
1108 866 1200 944 nibil
1219 869 1320 946 aliud

210 993 336 1068 babens
367 995 549 1072 ambabus
577 1017 712 1093 aquam
740 994 907 1071 manibus
937 1018 958 1070 e
985 995 1152 1094 proximo
1171 993 1320 1070 flumine

210 1117 366 1194 haustam
402 1119 608 1212 obtulisset,
646 1119 801 1196 iucunde
830 1143 913 1198 eam
942 1120 1117 1220 suscepit,
1152 1143 1227 1197 non
1253 1120 1319 1213 rei,

210 1270 293 1344 quae
310 1247 530 1340 donabatur,
557 1244 727 1339 utilitate,
758 1247 826 1323 sed
854 1255 1026 1347 prompta
1046 1248 1136 1342 eius,
1164 1247 1229 1345 qui
1247 1249 1320 1324 lar·

210 1374 379 1468 giebatur,
398 1375 600 1467 voluntate,
630 1373 789 1472 gratiam
819 1374 980 1450 meritus.
1017 1375 1121 1450 Deus
1151 1372 1321 1473 Optimus

210 1499 381 1577 Maximus
400 1508 487 1576 tuac
507 1500 737 1577 celsitudinis
757 1500 924 1590 salutem,
954 1499 1077 1592 vitam,
1096 1498 1321 1578 incolumita-

209 1633 282 1716 tem,
316 1625 478 1703 bonores
515 1651 559 1704 ac
586 1627 745 1727 populos
782 1627 988 1703 diutissime
1025 1649 1071 1703 ac
1106 1625 1321 1702 felicissime

210 1760 401 1844 conservet,
430 1753 601 1851 omnique
633 1754 925 1830 benedictionum
955 1775 1092 1850 genere
1123 1753 1161 1828 in
1189 1754 1269 1830 dies
1300 1775 1322 1828 e

210 1879 311 1954 coelia
330 1888 484 1956 exornet
503 1881 801 1957 cumulatissime.
824 1881 963 1958 Datum
982 1877 1216 1980 Claudiopoli
1237 1879 1321 1957 XV.

209 2003 330 2082 Octob.
361 2005 513 2105 quodie
542 2007 627 2082 anni
669 2010 769 2083 1529
810 2005 1055 2105 Solymanuus
1092 2006 1322 2082 obsidionem

209 2131 363 2210 Viennae
374 2133 537 2210 deseruit
547 2133 655 2210 Auno
666 2135 797 2211 salutis
808 2131 1044 2211 Christianae
1054 2134 1117 2208 clo
1128 2134 1169 2208 Io
1179 2129 1321 2208 XOlll.

209 2257 316 2336 lllust.
337 2257 516 2338 Celsitud.
537 2262 699 2340 Vestrae
719 2260 1072 2360 obsequentissimus
1091 2268 1128 2336 et
1146 2258 1316 2336 addictis·

211 2385 314 2462 aimus

934 2496 1097 2571 Ioannes
1116 2495 1266 2572 Decius.

721 2961 788 3039 IV.

393 3153 637 3221 PRAEFATIO
662 3153 708 3218 IN
734 3153 968 3219 SYNTAGMA
993 3154 1117 3220 IVlllS.

342 3357 496 3432 loannes
515 3355 650 3430 Derdam
678 3355 826 3454 beoipno
852 3355 994 3431 Lectori
1022 3352 1058 3431 S.
1076 3356 1120 3430 P.
1138 3357 1187 3431 D.

304 3501 577 3602 Saepenumero
605 3501 786 3597 cogitanti
813 3501 911 3596 mibi,
942 3500 1096 3577 candide
1120 3502 1247 3594 lector,
1275 3526 1321 3580 ac

208 3627 347 3706 intuenti
367 3631 405 3706 iu
423 3636 571 3706 nostros
582 3627 750 3704 homines
769 3627 921 3703 summis
939 3627 1098 3725 ingeniis
1109 3628 1318 3725 praeditos:

210 3756 438 3834 admiratione
457 3756 572 3853 digna
598 3779 659 3831 res
679 3755 762 3830 visa
795 3761 862 3847 est,
893 3753 982 3852 quid
1000 3776 1136 3830 causae
1155 3755 1215 3850 sit,
1243 3778 1308 3830 cur

209 3905 277 3958 cum
294 3885 331 3958 in
352 3883 438 3959 aliis
457 3882 625 3959 omnibus
644 3879 807 3956 scientiis
836 3903 881 3955 ac
900 3881 1053 3972 artibus,
1073 3902 1181 3978 quam
1199 3880 1310 3979 pluri·

210 4009 258 4100 mi,
276 4010 337 4108 qui
355 4009 592 4100 excellerent,
613 4006 833 4098 exstiterint,
859 4006 951 4082 duas
970 4006 1127 4082 maxime
1145 4027 1316 4081 necessa·

209 4133 274 4209 riaa
299 4133 615 4234 Iurisprndcntiae
635 4156 680 4208 ac
708 4131 899 4208 Historiae
933 4130 1131 4208 facultates
1149 4138 1319 4230 tantope-

209 4281 243 4334 re
259 4261 497 4358 ueglexerint.
527 4258 621 4334 Nam
642 4281 857 4356 quocunque
880 4264 919 4334 te
938 4258 1058 4332 auimo
1077 4256 1321 4352 cogitatione·

209 4409 269 4482 que
287 4387 533 4464 converteris:
552 4386 754 4485 permultos
764 4392 974 4461 nostrornm
992 4381 1178 4458 bominum
1196 4383 1319 4460 excel-

210 4511 317 4590 lentes
335 4514 371 4590 in
389 4515 557 4613 quolibet
584 4535 722 4610 genere
741 4535 814 4588 non
835 4510 954 4587 dicam
974 4508 1220 4600 mediocrium,
1248 4512 1316 4588 aed

212 4641 308 4716 etiam
336 4641 574 4717 maximarum
602 4639 733 4714 artium
751 4636 922 4715 floruisse
946 4635 1228 4713 animadvertes.
1271 4638 1323 4714 Vt

249 4827 345 4866 nom.
363 4829 444 4868 nuno.
461 4829 530 4868 urar.
546 4841 590 4851 -
607 4829 773 4866 sermons.
790 4829 854 4866 xvir.
1191 4801 1214 4864 d
