3625 5534
517 490 567 540 nr.
586 487 667 541 aaa.
686 486 771 540 vua.
792 485 875 539 nnc.
896 487 932 538 x.
954 487 986 539 n.
1005 491 1041 540 x.
1267 462 1346 540 249

225 689 321 742 vana
338 687 405 765 spe
423 663 551 739 inflati.
585 663 656 737 Est
683 685 756 736 non
774 663 905 760 procul
924 663 971 740 ab
991 661 1141 761 Alpium
1159 661 1348 739 radicibus

223 792 327 868 vicus
347 793 483 882 Alfalu,
516 814 587 886 quo
614 791 713 886 ignis
732 791 902 864 relucens
931 790 967 863 in
992 788 1127 864 castris
1146 788 1271 889 Apalii
1299 792 1347 865 ob

224 917 535 1016 propinquitatem
572 916 688 1013 probo
717 915 1024 1013 conspiciebatur.
1066 915 1173 990 Vnde
1191 916 1347 1011 'cognito

226 1043 353 1143 Apafii
381 1043 542 1118 adventu
561 1045 720 1116 loannes
741 1043 921 1134 Kovtcsi,
955 1064 1049 1117 unus
1078 1066 1125 1117 ex
1144 1040 1347 1118 Alfalvien-

223 1171 337 1260 sibus,
356 1168 414 1241 vir
432 1189 558 1259 senex,
577 1167 746 1264 idemque
765 1167 945 1260 aedituus,
965 1175 1075 1242 noctu
1086 1167 1279 1242 confestim
1298 1167 1346 1241 ad

225 1292 370 1370 Siculos
390 1291 573 1388 Ujfalvini
596 1300 845 1389 congregatos
866 1293 1028 1388 advolat,
1062 1291 1189 1370 hostes
1209 1293 1343 1370 adesse

222 1419 418 1516 significat,
446 1428 484 1494 et
500 1426 541 1493 ut
559 1417 749 1515 crapulam
768 1441 1006 1517 somnumque
1026 1419 1235 1514 discutiant,
1253 1420 1344 1495 iam·

223 1547 295 1623 iam
315 1545 472 1621 hostiles
491 1546 619 1643 copias
638 1545 768 1620 adfore
788 1547 957 1621 minatur.
981 1546 1056 1622 Vix
1075 1547 1343 1640 hacreaudita,
1379 1585 1382 1591 ¹

222 1669 337 1748 Siculi
355 1672 636 1768 evigilaverunt,
656 1681 758 1748 etex
775 1672 941 1764 aedibus,
962 1695 1054 1771 quas
1074 1667 1342 1751 ob-firmitotenr
1461 1701 1464 1709 ¹

223 1799 305 1874 loco
325 1796 473 1872 castelli
492 1796 695 1894 elegerant,
715 1798 862 1873 obviam
872 1797 1042 1874 hostibus
1053 1797 1242 1896 paululum
1261 1781 1345 1898 pro·

224 1933 427 2014 cesserant,
445 1947 527 1998 cum
555 1947 641 1999 ecce
670 1925 717 1999 ab
738 1922 934 2023 Apalianis
954 1925 1190 2000 circumventi
1218 1925 1347 2003 caede-

223 2058 360 2126 rentur.
400 2047 488 2123 Mox
516 2051 554 2124 in
583 2073 660 2140 eas,
688 2050 734 2125 de
764 2049 897 2147 quibus
926 2051 1000 2126 iam
1028 2050 1196 2142 diximus,
1234 2051 1348 2126 aedes

190 2172 415 2274 compulsi,
450 2175 585 2274 partim
612 2175 859 2270 trucidantur,
896 2178 1031 2276 partim
1068 2176 1171 2252 uncis
1202 2176 1348 2272 ferreis,

223 2302 394 2402 palisque
414 2326 459 2378 ao
477 2302 655 2401 patibulis
673 2303 712 2377 in
740 2303 965 2401 reliquorum
985 2313 1163 2380 terrorem
1192 2303 1347 2400 attiguu-

224 2439 294 2505 tur.
326 2429 503 2505 Nonnulli
521 2431 584 2527 qni
603 2431 640 2504 in
660 2430 773 2505 aedes
793 2431 889 2506 alias
910 2454 991 2505 cum
1001 2431 1179 2507 uxoribus
1195 2453 1240 2505 ac
1258 2429 1348 2504 libc-

86 2596 87 2603 *
223 2555 338 2630 risse
358 2557 603 2650 contulerant,
633 2579 760 2632 omnes
779 2557 910 2656 paucis
939 2558 1030 2654 fuga
1049 2556 1191 2656 elapsis
1210 2556 1347 2631 ibidem

225 2680 395 2756 incendio
433 2684 618 2782 absumpti
655 2692 748 2758 sunt.
787 2683 831 2757 In
867 2684 951 2782 ipso
971 2685 1141 2760 conflictu
1159 2683 1350 2782 perierunt

225 2807 1348 2908 XXVII,tresunoisferreisallixi,quinquesuspensi3aedes
1457 2845 1460 2852 ·

225 2934 366 3032 aliquot
384 2958 465 3010 oum
483 2935 627 3015 horreis
651 2961 697 3011 ac
724 2936 974 3035 compluribus
1002 2936 1173 3011 frumenti
1202 2935 1348 3018 acervis
1468 3025 1476 3038 .

226 3058 508 3156 conflagrarunt.
530 3063 617 3137 Dux
637 3084 765 3138 eorum
786 3062 946 3139 Ioannes
964 3060 1039 3138 Gal
1060 3063 1188 3138 eodem
1208 3060 1347 3159 suppli-

226 3185 281 3259 cio
300 3179 466 3262 allectus.
487 3187 547 3261 Ea
566 3211 606 3262 re
626 3189 752 3264 audita
768 3186 988 3265 Osikienses
1008 3197 1046 3263 et
1064 3188 1347 3263 Kaszonienses

226 3312 425 3388 ricinorum
436 3314 616 3413 exemplis
626 3315 756 3407 edocti,
775 3315 1268 3414 positisformidinepoenae
1288 3336 1346 3387 ar-

227 3438 313 3529 mis,
340 3439 388 3513 ad
420 3441 598 3537 obsequia
626 3442 850 3517 dominorum
880 3465 1043 3534 suorum,
1073 3441 1140 3516 sed
1169 3449 1255 3516 ante
1282 3462 1347 3515 eos

230 3563 401 3640 Andreas
411 3563 545 3658 Liuor,
565 3568 721 3644 rediere.
752 3569 812 3644 lta
822 3569 970 3666 pacatis
981 3567 1102 3642 tribus
1120 3566 1198 3640 illis
1209 3563 1348 3640 Siculo·

227 3711 304 3765 rum
324 3692 538 3790 provinciis,
550 3692 706 3791 Apafius
715 3694 858 3791 praeda
868 3701 1021 3769 onustus
1041 3693 1184 3767 domurn
1204 3713 1245 3765 se
1264 3712 1348 3764 oon-

226 3819 317 3893 tulit.
337 3819 450 3894 Haud
469 3820 689 3895 absimiliter
708 3828 745 3896 et
764 3818 1190 3918 GeorgiusRavazdius,
1209 3817 1347 3892 iniunc

226 3955 299 4020 tarn
317 3945 392 4020 sibi
410 3955 576 4044 spartam
595 3955 745 4024 strenue
769 3956 956 4038 executus,
986 3943 1134 4020 Siculos
1158 3943 1268 4018 trium
1287 3964 1344 4016 se-

226 4071 322 4146 dium
342 4069 486 4171 Scepsi,
514 4073 640 4148 Keadi
667 4081 705 4148 et
732 4071 863 4164 Orbai,
890 4071 1026 4171 partim
1045 4069 1181 4166 gladio,
1211 4067 1346 4166 partim

225 4196 489 4272 crudelissimis
516 4197 710 4296 suppliciis
748 4199 795 4275 ad
824 4197 984 4275 ollioiurn
1012 4195 1161 4272 tandem
1189 4193 1345 4288 redegit,
1488 4201 1491 4206 ’

223 4321 391 4420 exemplo
428 4322 476 4396 ad
513 4346 636 4398 seram
663 4323 919 4421 posteritatem
955 4321 1092 4397 illustri
1118 4319 1267 4410 relicto,
1296 4341 1343 4414 nc

226 4449 363 4525 subditi
381 4458 509 4525 contra
528 4449 749 4547 Principem,
769 4449 1009 4545 dominosque
1030 4469 1117 4522 suos
1128 4445 1346 4521 seditionem

227 4576 399 4668 excitare,
419 4583 483 4649 aut
500 4576 575 4652 ullo
595 4577 702 4651 modo
731 4575 918 4650 rebellare
938 4573 1072 4649 ausint.
1110 4572 1194 4646 Non
1225 4571 1347 4646 defuc-

224 4712 308 4780 runt
322 4713 446 4778 tamen
466 4727 512 4778 ex
523 4705 691 4782 omnibus
700 4703 822 4801 Regni
832 4701 1036 4778 Ordinibus
1047 4700 1265 4798 complures,
1286 4699 1349 4796 qui
