3625 5534
480 531 528 579 ns
547 531 626 581 aas.
653 529 736 582 vno.
759 531 841 582 osc.
864 529 913 579 m.
933 529 965 580 n.
986 529 1023 578 u.
1242 503 1317 582 311

197 731 247 780 ne
268 707 306 779 in
326 706 455 780 itinere
477 705 524 779 ab
543 705 711 781 hostibus
730 705 900 780 indicium
919 705 1098 780 adventus
1112 712 1320 779 nostrorum

197 833 442 928 acciperetur,
473 856 517 906 ao
544 856 584 908 re
612 833 761 929 cognita
790 832 906 908 omnis
932 837 1086 910 conatus
1114 831 1151 908 in
1179 831 1320 909 irritum

197 957 359 1035 cederet.

635 1225 875 1237 ..υ-*-

498 1477 671 1554 canu
700 1475 996 1555 SECVNDVM.

227 1645 285 1717 De
307 1647 381 1714 recle
404 1641 699 1717 Ciuistiouorom
718 1647 757 1717 in
788 1648 990 1741 irreptione
1011 1644 1218 1726 [carinensi
1237 1654 1293 1727 ob·

681 1786 838 1846 seruato.

310 1949 505 2025 Traduetis
524 1949 696 2026 Danubio
721 1951 837 2049 copiis
857 1950 991 2029 Comes
1011 1953 1318 2034 Schwarzenbur·

196 2076 412 2175 gieushanc
429 2077 607 2152 rationem
626 2076 817 2152 ordinandi
837 2080 1021 2155 exercitus
1037 2081 1152 2174 inivit,
1173 2106 1217 2160 ac
1234 2091 1275 2159 ut
1294 2110 1316 2159 a

198 2208 372 2281 diversae
396 2203 555 2279 nationis
580 2204 768 2298 militibus,
794 2206 854 2302 qui
873 2206 1037 2300 aderant,
1057 2208 1214 2306 intelligi
1231 2235 1315 2310 pos-

198 2341 270 2427 set,
289 2319 428 2429 scripto
447 2331 560 2406 latine
579 2331 822 2428 promulgato,
847 2332 899 2407 ita
918 2333 1073 2429 singulis
1100 2359 1145 2410 ao
1172 2338 1315 2412 univer·

198 2459 254 2532 sis
273 2458 470 2533 stationem
490 2457 706 2552 assignavit.
726 2456 887 2533 Primum
906 2460 1062 2535 omnium
1080 2463 1143 2538 ubi
1162 2465 1209 2538 ad
1220 2486 1314 2540 moe-

197 2587 262 2659 nia
288 2584 390 2658 urbis
417 2583 681 2680 perveniretur,
710 2581 889 2682 Gempius
921 2585 1111 2662 Vabacurt
1139 2613 1218 2665 eum
1246 2613 1315 2664 sua

199 2711 365 2786 centuria
382 2710 538 2784 frontem
557 2717 692 2803 tenere,
712 2734 757 2784 ac
775 2712 1053 2787 instrumentum
1081 2712 1173 2788 illud
1199 2714 1314 2812 ligne·

198 2863 269 2926 um,
298 2839 356 2912 cui
374 2860 502 2911 nomeu
521 2844 578 2912 est
595 2835 761 2933 petarda,
781 2837 955 2912 cancellis
975 2846 1105 2936 portae
1124 2843 1314 2938 applicare

199 2989 244 3038 ac
262 2964 356 3038 citra
374 2986 512 3040 moram
535 2961 758 3038 inflammare
778 2963 913 3039 debuit
935 2960 1119 3040 Cancellis
1139 2967 1313 3059 disiectis,

199 3090 333 3165 aedilis
358 3089 576 3164 Lamarsius
603 3111 683 3164 cum
712 3112 780 3164 sua
807 3087 957 3164 cohorte
984 3091 1161 3182 grandem
1188 3099 1311 3190 petar·

199 3217 284 3292 dam
302 3225 432 3312 portae
458 3215 532 3312 ipsi
550 3214 769 3306 admovebit,
797 3223 833 3289 et
851 3212 1078 3291 validissimo
1094 3217 1231 3314 impetu
1249 3219 1312 3292 im·

199 3343 341 3442 primet.
361 3341 418 3414 Eo
436 3341 545 3430 facto,
564 3341 756 3438 portisque
768 3339 955 3437 disruptis,
975 3339 1313 3420 Vabacurtiuscum
1353 3331 1355 3336 ¹

199 3493 269 3544 sua
296 3467 459 3543 centuria
488 3467 678 3542 confestim
707 3467 839 3558 irruet,
866 3464 1139 3564 fortissimeque
1162 3470 1315 3544 instabit

199 3597 316 3671 doner
335 3595 383 3668 ad
401 3594 613 3670 ulteriorem
631 3600 819 3692 portarum
837 3601 981 3691 partem
999 3604 1222 3693 perrumpat,
1251 3597 1312 3669 ob-

197 3723 342 3819 viisque
366 3721 536 3796 bostibus
566 3720 743 3795 acerrime
770 3719 940 3794 obsistat.
979 3719 1099 3794 Huius
1127 3720 1313 3795 centuriae

197 3847 370 3944 vestigiis
410 3847 679 3942 vicegeneralis
717 3844 1003 3941 Oberburgius,
1041 3866 1120 3918 eum
1159 3855 1314 3941 quatuor

198 3973 415 4050 cohortibus
438 3970 636 4047 Vallonum
657 3981 695 4047 et
714 3968 907 4047 Gallorum
927 3969 1083 4063 insistet,
1112 3969 1164 4044 ita
1191 3970 1315 4046 Vaba-

197 4099 314 4175 curtio
352 4098 508 4175 ulterius
536 4120 742 4198 progresso
780 4095 1038 4191 Oberburgius
1065 4097 1229 4171 animose
1257 4119 1314 4170 se·

196 4235 340 4324 quatur,
361 4202 640 4322 coniunctisque
658 4224 799 4298 viribus
817 4221 865 4296 ad
884 4241 1011 4294 omnes
1029 4221 1189 4296 locorum
1209 4245 1312 4298 occa-

197 4353 323 4426 siones
339 4351 470 4427 intenti
490 4352 647 4426 alteram
676 4371 821 4447 quoque
840 4347 1012 4444 plateam,
1041 4369 1135 4444 quae
1152 4347 1270 4422 forum
1290 4369 1313 4418 a

199 4478 331 4553 dextra
358 4484 466 4576 parte
492 4476 654 4574 respicit,
689 4473 864 4549 velociter
901 4479 1089 4569 occupent.
1127 4471 1312 4547 Oberbur·

198 4605 307 4701 gloss
334 4604 503 4678 cohortes
532 4610 734 4700 sequantur
759 4601 855 4675 aliae
883 4597 977 4673 duae
1008 4595 1199 4674 Gallorum
1238 4608 1313 4676 tur-

199 4753 293 4822 mae,
314 4731 510 4807 Vallonum
531 4729 636 4822 duae,
664 4728 726 4826 qui
746 4734 786 4802 ut
806 4726 960 4824 primum
980 4735 1122 4824 portam
1141 4750 1314 4825 pervase-
