3625 5534
510 541 558 591 nu
577 543 656 593 anu.
677 543 762 594 vac.
781 543 863 595 nuc.
882 543 919 594 x.
938 545 970 594 n.
993 544 1028 596 x.
1253 520 1332 598 265

213 717 364 791 simulac
386 717 530 791 finitimi
549 715 699 792 'Furcae
728 724 838 814 atque
875 718 1028 793 Tartari
1055 743 1101 793 ex
1130 719 1230 793 fumo
1254 743 1332 796 rem

212 851 470 936 cognoverant,
494 842 547 917 ibi
566 865 655 917 vero
675 843 837 918 vidisses
856 851 1006 919 nostros
1025 844 1136 940 longe
1146 846 1331 936 maiorem,

212 989 319 1064 quam
336 989 406 1066 pro
424 988 588 1062 numero,
607 968 765 1044 hostium
786 977 950 1065 stragem
969 968 1143 1063 edidisse,
1161 993 1231 1046 nec
1248 980 1333 1047 ante

208 1095 349 1190 ingenti
364 1117 489 1170 eorum
507 1117 659 1170 numere
671 1096 1000 1192 serenissimaeque
1019 1097 1137 1172 rabiei
1157 1095 1331 1188 cessisse,

210 1220 325 1296 donec
342 1221 495 1318 pulvere
515 1221 752 1295 tormentaric
780 1219 926 1309 defecti,
955 1242 1036 1295 cum
1063 1219 1153 1295 nihii
1176 1242 1333 1317 usquam

209 1346 289 1443 opis
309 1367 464 1441 sperare
482 1345 893 1456 possentinfugamse
913 1346 1156 1421 coniecerunt.
1176 1347 1236 1421 Ita
1245 1369 1333 1443 pau-

210 1471 263 1544 cis
282 1493 330 1545 ex
348 1477 451 1554 tanto
469 1492 620 1547 numero
648 1470 783 1570 partim
810 1472 859 1546 ad
877 1472 1100 1562 Danubium,
1128 1471 1263 1569 partim
1282 1469 1330 1546 ad

208 1593 324 1695 Alpes
342 1596 433 1692 iuga
450 1595 604 1694 elapsis,
624 1597 739 1672 ceteri
757 1617 884 1672 omnes
901 1596 1009 1714 ioede
1027 1596 1140 1690 ferro,
1160 1597 1324 1693 sagittis-

210 1743 279 1817 que
297 1721 483 1819 absumpti
501 1721 616 1797 inere.

540 2145 716 2225 CAPVT
745 2147 999 2227 DECIMVM.

210 2310 264 2384 De
301 2311 526 2408 expeditione
552 2310 764 2388 Metronactis
791 2308 870 2386 ΙΙΙ.
916 2313 1089 2389 Caesaris
1123 2313 1329 2387 Tancaram

400 2442 439 2510 in
463 2438 688 2536 anarinnn,
709 2439 955 2537 Hatvanoqae
977 2443 1131 2513 incense.

313 2595 435 2694 Capto
453 2599 492 2673 in
510 2596 607 2674 hunc
624 2599 769 2673 modum
789 2599 977 2686 Hatvano,
997 2598 1241 2674 deliberatum
1260 2599 1330 2676 init

205 2723 241 2796 in
260 2723 428 2817 concilio,
446 2726 658 2822 placeretne
686 2727 813 2801 ruinas
841 2726 940 2802 arcis
967 2725 1183 2818 restaurari,
1207 2749 1256 2800 an
1274 2734 1328 2800 to·
1434 2797 1438 2806 ,

207 2857 280 2923 tum
301 2849 428 2923 everti.
459 2848 662 2948 Postquam
690 2851 806 2926 variis
832 2851 871 2924 in
889 2858 1082 2947 utramque
1108 2857 1253 2948 partem
1272 2874 1329 2925 ar-

207 2974 392 3068 gumentis
411 2983 588 3051 certatum
617 2977 695 3064 fuit,
723 2977 841 3050 visum
869 2985 928 3052 est
954 2974 1251 3074 prudentioribus
1281 2976 1330 3049 cb

206 3098 401 3174 adventum
420 3097 599 3177 Caesaris
618 3109 732 3176 totam
750 3099 915 3176 funditus
935 3099 1062 3190 deleri,
1081 3100 1152 3174 hac
1171 3099 1329 3174 maxime
1375 3184 1384 3204 ι

206 3223 250 3299 de
269 3246 393 3318 causa,
413 3226 511 3324 quod
529 3249 762 3324 nequaquam
781 3249 863 3300 eam
881 3227 935 3300 ita
954 3224 1092 3299 firmari
1111 3247 1225 3323 posse
1242 3247 1328 3322 pru·

205 3347 390 3424 dentiores
409 3351 587 3444 viderent,
608 3359 650 3426 ut
667 3351 826 3450 impetus
845 3351 1034 3446 copiarum
1053 3346 1230 3425 Caesaris
1249 3371 1327 3427 sus

203 3475 321 3550 tinere
345 3484 485 3573 posset.
522 3477 858 3576 Appropinquabat
885 3477 982 3552 enim
1011 3473 1155 3552 Cacsar
1184 3478 1324 3553 'Furca-

205 3621 284 3673 rum
303 3621 384 3674 cum
403 3601 594 3677 innumera
613 3602 796 3678 hominum
815 3601 1058 3692 multitudine,
1078 3601 1330 3700 quippc'quae

203 3723 251 3796 ad
268 3724 472 3821 quingenta
497 3726 615 3802 millia
645 3726 826 3802 excedere
854 3727 968 3822 vulgo
1005 3732 1206 3824 putaretur.
1246 3722 1328 3814 Quo

204 3869 293 3923 vero
313 3849 427 3925 tutius
446 3849 527 3945 ipse
548 3875 627 3927 cum
642 3850 1213 3940 robnreexercitusitcrfacerct,
1234 3845 1328 3922 Ona-

204 3971 321 4046 iernm
349 3973 508 4048 Bassam
536 3973 724 4049 Venirium
761 3997 842 4049 cnm
879 3975 952 4048 XL
989 3971 1327 4066 scientissimorum,

207 4096 369 4193 equitum
387 4098 551 4174 millibus
562 4097 817 4197 praemiserat,
836 4107 877 4174 ut
886 4109 924 4174 et
934 4106 1172 4173 commeatum
1182 4098 1327 4174 univer

207 4221 260 4295 sis
280 4223 399 4320 copiis
416 4225 541 4300 Bassa
558 4234 812 4322 praepararet,
843 4231 880 4299 et
898 4223 1020 4297 omnia
1042 4224 1153 4320 longe
1175 4225 1324 4319 isteque

206 4347 431 4444 explorando
450 4349 611 4426 hostium
640 4351 798 4426 consilia
821 4357 1073 4446 cognosceret
1110 4347 1172 4424 Ad
1191 4345 1327 4424 Zolno-

203 4469 288 4546 kum
315 4471 389 4546 iam
406 4482 489 4548 erat
505 4475 631 4550 Bassa
649 4475 833 4565 Veairius,
868 4495 977 4570 quum
995 4473 1209 4547 Hatvanum
1239 4472 1325 4548 diri·

202 4603 360 4690 peretur.
379 4600 511 4697 Itaque
530 4622 611 4674 cum
638 4600 678 4675 id
696 4607 797 4674 certo
825 4599 875 4674 ad
892 4598 1186 4673 Maximilianum
1205 4599 1326 4696 peria-

199 4725 273 4794 tnm
292 4729 405 4816 esset,
425 4724 671 4822 disceptatum
699 4732 759 4801 est
785 4724 847 4800 diu
873 4725 913 4800 in
931 4723 1105 4802 consilio:
1125 4729 1320 4826 expectan-
