3625 5534
449 493 499 544 nu
516 493 598 544 aun.
617 492 700 545 vno.
720 491 849 544 anax⁸
869 493 904 542 n.
924 492 1001 544 vrn.
1246 470 1323 548 183

197 669 498 744 circumvenerat.
544 667 641 742 Erat
677 666 919 743 Varsoczium
949 664 1087 764 duplici
1113 668 1229 760 fossa,
1258 667 1322 742 tri-

195 797 341 892 busque
359 791 565 890 parietibus
583 790 797 866 incrustatis
818 799 855 865 et
874 791 1027 866 sudibus
1056 791 1320 889 stipitibusque

197 920 235 994 in
265 918 454 994 exteriore
481 914 668 1015 pomoerio
686 916 772 991 binc
799 915 883 990 inde
910 924 1165 993 transversum
1192 916 1325 991 defixis

199 1045 358 1142 egregie
377 1043 562 1120 munitum.
590 1041 752 1118 Proinde
771 1063 852 1116 cum
879 1041 1065 1116 deditione
1093 1067 1166 1118 non
1193 1043 1323 1139 impet·

197 1179 291 1264 rata,
320 1170 514 1245 tormentis
542 1168 688 1245 bellicis
711 1170 852 1244 frustra
878 1169 1043 1267 parietes
1070 1168 1198 1265 impeti
1223 1167 1322 1243 vide·

200 1306 349 1374 rentur:
362 1295 551 1394 congestis
561 1295 754 1371 confestim
766 1295 954 1371 aridorum
963 1296 1148 1391 lignorum
1157 1318 1321 1372 sarmen-

200 1433 397 1520 torumque
414 1422 616 1514 fasciculis,
645 1427 682 1497 et
710 1444 791 1496 cum
818 1422 1080 1518 fumigationes
1108 1421 1321 1498 eiaculatio-

196 1573 281 1624 uum
301 1557 540 1647 prospectum
556 1547 719 1623 hostium
737 1545 968 1644 impedirent,
987 1546 1102 1622 muris
1120 1546 1216 1644 ipsis
1240 1569 1323 1644 pro·

197 1674 281 1772 pius
311 1673 469 1749 admotis
497 1671 703 1747 incendium
732 1671 889 1746 castello
918 1671 1092 1746 inferunt.
1120 1671 1167 1746 Id
1195 1672 1322 1747 statim

196 1799 363 1877 secumdo
381 1805 493 1874 vento
512 1797 571 1872 dei
590 1796 826 1895 providentia
850 1797 1041 1897 aspirante
1070 1797 1243 1873 celeriter
1271 1796 1323 1871 di·

194 1924 332 2016 latum,
378 1924 432 1998 ita
490 1945 615 1998 omnes
660 1923 825 2021 parietes
880 1945 1163 2021 quaquaversus
1210 1921 1324 1998 corri-

194 2051 282 2149 puit,
310 2056 353 2125 ut
380 2071 521 2124 omnem
548 2049 719 2126 hostibus
747 2048 884 2123 exitum
911 2048 1153 2147 praeriperet.
1183 2047 1326 2124 Fuerat

196 2177 489 2275 pseudothyrum
507 2200 555 2250 ex
574 2176 704 2251 cloaca
724 2174 883 2271 quadam
912 2174 1157 2250 subterranea
1183 2174 1221 2248 in
1246 2195 1321 2248 mu-

195 2324 256 2376 ros
282 2302 434 2376 factum.
462 2301 682 2398 Respecto,
710 2300 957 2374 excrementis
985 2300 1150 2398 cooperti
1177 2297 1324 2373 circiter

196 2426 354 2515 ducenti,
372 2449 464 2524 prae
482 2425 712 2524 impatientia
730 2425 890 2500 incendii
913 2425 1017 2500 foras
1046 2447 1088 2500 se
1122 2424 1322 2516 eiicientes,

196 2553 242 2625 ab
262 2550 553 2626 observantibus
578 2549 655 2624 illic
683 2549 871 2647 peditibus
904 2547 1122 2646 singillatim
1149 2546 1323 2622 trucidati

197 2675 311 2750 fuere.
361 2673 510 2771 Reliqui
550 2695 677 2748 omnes
704 2673 765 2746 vel
792 2673 960 2748 incendio
990 2671 1186 2770 absumpti,
1216 2673 1323 2746 vela

197 2798 373 2874 militibus
417 2799 513 2874 inter
549 2798 717 2874 flammas
745 2797 1001 2896 parietumque
1037 2797 1157 2873 minas
1194 2798 1323 2872 irrum-

196 2925 370 3024 pentibus
425 2922 505 2998 sine
564 2924 641 2998 ullo
695 2944 850 3019 prorsus
902 2945 1015 2997 sexus
1070 2930 1134 2998 aut
1186 2920 1321 2997 aetatis

197 3050 405 3126 discrimine
441 3048 614 3124 trucidati
659 3048 774 3123 fuere.
823 3047 912 3147 Ipse
958 3049 1046 3125 Deli
1083 3047 1243 3123 Kurtius
1263 3069 1323 3122 ca·

196 3176 291 3251 stelli
309 3174 525 3273 praefectus
551 3197 597 3248 ex
633 3174 746 3249 muris
784 3172 952 3248 miranda
980 3170 1150 3269 agilitate
1189 3195 1320 3269 praea-

196 3309 298 3375 cutos
337 3297 424 3375 illos
462 3298 573 3374 sudes
610 3321 692 3372 cum
729 3296 1000 3387 transiluisset,
1038 3305 1075 3372 et
1112 3298 1160 3373 ad
1195 3297 1323 3372 vineta

197 3447 304 3500 cursu
324 3423 522 3514 evasisset,
540 3422 678 3497 ibidem
697 3444 720 3495 a
739 3419 880 3496 nostris
899 3421 1116 3497 interfectus
1136 3429 1204 3497 est.
1223 3421 1323 3496 Reli-

196 3551 256 3648 qui
274 3550 357 3624 eius
376 3549 583 3646 exemplum
601 3546 741 3622 infelici
762 3554 897 3622 eventu
926 3548 1099 3639 secuturi,
1127 3549 1187 3622 vel
1216 3547 1323 3646 stipi-

196 3677 305 3768 tibus,
324 3671 559 3771 stimulisque
578 3673 766 3748 hincinde
786 3672 919 3747 defixis
943 3672 1170 3764 insiliebant,
1190 3673 1321 3770 scipsi-

193 3825 261 3899 que
292 3800 529 3898 inopinantes
557 3799 778 3891 induebant,
817 3800 876 3873 vel
903 3798 943 3874 in
981 3799 1135 3873 scrobes
1176 3796 1323 3894 delapsi

197 3924 506 4016 transfodiebant,
526 3931 590 4000 aut
609 3948 632 3997 a
650 3923 790 3999 nostris
819 3922 1059 3998 circumventi
1087 3921 1322 3997 trucidaban-

195 4063 262 4128 tur.
292 4051 394 4126 Tres
423 4050 603 4150 duntaxat
629 4050 706 4124 vivi
725 4049 834 4147 capti,
856 4055 894 4124 et
921 4047 970 4123 ad
990 4045 1195 4144 Georgium
1213 4046 1323 4138 ducti,

196 4178 490 4277 inspectantibus
508 4174 687 4252 dedititiis
705 4175 1013 4264 Bokeziensibus‚
1033 4173 1113 4247 sine
1131 4172 1210 4247 ulla
1227 4195 1323 4248 com-

196 4303 434 4379 miseratione
461 4303 707 4378 interrorem
735 4303 960 4399 reliquorum
997 4298 1172 4375 trucidati
1206 4299 1322 4374 fuere.

196 4428 449 4504 Bokezieuses
468 4429 520 4504 uti
540 4428 674 4504 dictum
686 4437 754 4520 cst,
766 4426 921 4520 dimissi,
933 4434 971 4501 et
980 4425 1028 4501 ad
1038 4423 1324 4499 'I'iimdsvarien-

202 4575 277 4628 sem
296 4554 466 4651 profecti.
487 4555 559 4629 His
578 4553 713 4629 irritati
733 4552 901 4642 Barbari,
922 4551 986 4648 qni
996 4550 1151 4647 Lippae,
1163 4545 1323 4646 Gyulae,

202 4673 368 4752 Csanadi
387 4686 424 4752 et
442 4678 546 4754 Ienei
574 4684 690 4770 erant,
715 4683 753 4752 et
781 4675 891 4751 simul
918 4677 1020 4750 fama
1047 4672 1255 4771 nuptiarum
1275 4672 1323 4747 ad
