3625 5534
521 510 569 560 ou
598 510 677 559 usn.
703 509 787 560 unc.
808 510 890 559 nnc.
909 510 944 560 x.
964 511 996 560 n.
1016 509 1063 560 vr.
1203 523 1226 544 ι
1283 483 1356 560 121

229 693 303 776 set,
324 707 439 782 agere
459 685 656 776 videretur,
676 692 894 760 conventum
912 683 1039 759 indicit
1064 682 1358 775 Albam-Iuliam,

229 833 307 884 non
325 813 549 908 generalem,
568 834 688 908 neque
707 811 818 887 solito
846 811 954 887 modo
983 811 1188 910 partialem,
1219 811 1286 885 sed
1305 815 1359 884 ta-

227 939 316 1025 lem,
335 936 464 1034 inquo
485 938 674 1013 duodecim
692 938 907 1030 consiliarii,
938 938 1090 1014 comites
1118 939 1217 1029 item,
1238 947 1275 1014 ct
1293 939 1359 1012 ba·

228 1085 346 1139 rones
373 1065 453 1140 iere
481 1087 619 1157 omnes,
649 1073 685 1140 et
718 1065 790 1140 viri
818 1066 959 1162 aliquot
990 1066 1155 1141 illustres
1174 1067 1360 1143 adessent·

229 1189 329 1278 Illis,
349 1191 414 1265 ubi
433 1191 506 1266 iam
525 1191 798 1284 convenissent,
817 1191 1157 1290 perVolffgangum
1176 1191 1361 1269 Kovacio·

230 1313 344 1407 cium,
372 1315 553 1391 bominem
581 1316 810 1413 prudentem,
840 1318 981 1415 pariter
1009 1341 1053 1391 ao
1082 1318 1275 1418 sapientia,
1303 1317 1361 1391 ia-

228 1441 439 1540 cundiaque
467 1442 704 1538 singulariter
744 1442 996 1534 excellentem,
1032 1444 1105 1518 tria
1134 1445 1362 1542 potissimum

231 1566 519 1643 deliberationis
538 1569 661 1666 capita
680 1549 867 1667 proponit:
886 1593 958 1666 quo
970 1570 1006 1643 in
1017 1571 1359 1667 statu,cardincquc

227 1693 447 1791 respublica
484 1702 712 1792 versaretur3
740 1696 828 1794 quid
856 1699 1036 1796 propositi
1057 1696 1216 1774 Sinanus
1242 1699 1286 1772 dc
1303 1720 1361 1774 oc·

230 1819 410 1917 cupienda
438 1821 632 1918 provincia
659 1821 835 1916 baberet;
855 1832 1042 1922 postremo
1072 1825 1159 1921 quid
1186 1823 1360 1900 Pontifex

228 1944 435 2038 Romanus,
451 1945 615 2022 Mathias
634 1947 835 2039 Archidux,
857 1959 894 2024 et
913 1949 1096 2025 Proceres
1115 1948 1306 2047 Vngariae
1338 1973 1361 2024 a

226 2068 417 2169 Principe,
435 2079 546 2168 atque
565 2072 658 2146 adeo
677 2075 726 2148 ab
744 2073 836 2170 ipsis
856 2075 1129 2174 Transylvanis
1158 2074 1359 2174 postulent·

228 2196 471 2294 Responsum
491 2206 549 2272 est
567 2223 590 2274 a
609 2199 763 2274 consilio
782 2200 958 2301 Principi,
985 2201 1082 2277 hanc
1109 2224 1196 2292 rem,
1216 2201 1262 2275 de
1281 2222 1354 2296 qua

227 2323 495 2399 consulendum
514 2303 622 2418 ioret,
642 2327 813 2422 quoniam
840 2329 933 2402 tanti
962 2335 1065 2403 essct
1092 2327 1274 2420 momenti,
1293 2349 1355 2401 nc-

232 2470 423 2544 quaquam
443 2449 568 2525 statim
588 2451 826 2528 decidendam
846 2476 941 2546 esse,
971 2455 1038 2529 sed
1056 2452 1358 2549 interponendum

231 2575 379 2672 aliquid
397 2576 519 2673 spatii,
539 2599 610 2674 quo
630 2579 843 2676 diligentius
872 2581 918 2654 dc
947 2603 1003 2670 ea,
1022 2580 1059 2672 ii,
1079 2603 1231 2677 quorum
1250 2579 1359 2653 inter·

232 2707 351 2792 esset,
371 2702 589 2797 cogitarent.
610 2705 704 2780 Nam
724 2713 761 2780 et
779 2705 993 2804 priusquam
1004 2706 1160 2804 incipias
1180 2706 1360 2797 consulto,

232 2836 272 2902 et
288 2827 357 2900 ubi
376 2828 614 2923 consulueris,
634 2838 776 2906 mature
793 2833 892 2907 facto
912 2855 1006 2929 opus
1033 2827 1127 2918 esso,
1156 2832 1361 2907 deliberan-

233 2953 397 3052 dumquc
416 2953 488 3047 diu,
508 2957 606 3053 quod
626 2957 742 3033 semel
762 2959 875 3034 statui
894 2959 1039 3034 debeat.
1060 2958 1151 3035 Post
1169 2955 1359 3054 mu'ltaigi·

230 3087 296 3155 tur
313 3100 508 3177 procerum
529 3083 726 3181 colloquia,
746 3092 783 3160 et
801 3085 949 3161 habitos
968 3086 1064 3160 ultro
1093 3087 1259 3182 citroque
1279 3108 1357 3160 ser-

231 3227 377 3296 mones,
406 3205 625 3287 deliberatio
653 3213 803 3287 tandem
833 3211 949 3286 dilata
983 3217 1042 3285 est
1069 3211 1115 3285 ad
1143 3217 1358 3286 conventum

232 3331 464 3427 generalem,
484 3358 591 3431 quem
611 3335 746 3412 Albam
774 3338 906 3413 iterum
925 3339 1056 3414 Iuliam
1076 3337 1207 3433 coegit.

575 3732 749 3811 CAPV'P
777 3735 1031 3827 QVINTVM.

234 3919 292 3988 De
332 3920 497 3990 oratioue
529 3917 717 4014 Principis
747 3917 974 4018 Sigismrmdi
1011 3918 1062 3992 od
1096 3915 1356 4008 Prouinciclca

505 4069 697 4141 eorrrmpue
724 4046 774 4119 ad
800 4071 878 4119 com
895 4046 1089 4142 responsio.

344 4221 549 4319 Postquam
568 4224 682 4321 igitur
700 4222 822 4301 Albae
841 4226 890 4300 ad
909 4225 1164 4323 praestitutum
1175 4223 1271 4298 diem
1280 4231 1359 4299 tota

229 4347 352 4421 ferme
367 4347 544 4423 nobilitas
565 4349 662 4444 coiit,
681 4349 862 4450 Princeps
889 4373 963 4425 non
992 4351 1030 4425 in
1049 4372 1188 4426 summo
1208 4352 1357 4450 templo,

231 4473 417 4573 quodibi,
437 4474 610 4553 Michaeli
629 4475 867 4575 Archangelo
887 4501 1042 4568 sacrum,
1071 4503 1094 4554 a
1113 4480 1249 4553 Ioanne
1268 4473 1359 4552 Ocr-

230 4601 324 4674 vino
342 4599 413 4676 tuit
430 4601 671 4693 aedificatum,
692 4605 819 4700 quoin
839 4607 920 4682 loco
940 4611 1051 4679 antea
1078 4603 1254 4702 gencrale
1274 4627 1357 4682 cou-

230 4726 360 4804 silium
377 4725 509 4804 baberi
528 4739 782 4826 consueverat,
802 4733 924 4806 sedin
944 4731 1028 4830 ipsa
1046 4732 1132 4807 aula
1152 4731 1266 4807 voluit
1276 4752 1357 4807 con-
