3625 5534
485 510 562 590 266
877 530 926 581 ro.
944 529 1045 582 nncrr
1063 528 1211 580 aanovrr

478 711 561 785 dine
580 715 708 783 essent
725 707 854 782 hostes
868 704 1017 796 ibidem,
1049 728 1096 778 an
1117 725 1163 777 ex
1182 701 1384 799 improviso
1403 697 1596 797 perirrup·

478 837 614 912 tionem
641 834 680 909 in
708 833 842 908 castris
862 830 1174 907 Zolnokiensibus
1193 826 1385 904 obruendi.
1422 822 1603 920 Vngarici

479 960 624 1060 quidem
644 979 819 1057 proceres
838 956 930 1030 nihil
948 957 1030 1032 fore
1041 953 1243 1032 consultius
1255 952 1468 1040 censebant,
1489 971 1595 1047 qoam

476 1086 510 1160 si
536 1080 706 1158 audendo
735 1077 876 1177 aliquid
894 1077 1101 1154 Zolnokum
1124 1097 1242 1174 usque
1269 1074 1418 1150 obviam
1435 1072 1601 1150 hostibus

473 1212 599 1300 iretur,
619 1213 870 1302 nocturnaque
899 1205 939 1278 in
958 1225 1023 1278 eos
1042 1202 1245 1300 irruptione
1264 1202 1375 1292 facta,
1405 1207 1599 1296 antequam

472 1333 670 1412 universae
700 1330 830 1426 copiae
858 1329 1064 1404 'Purcarum
1093 1322 1460 1419 adoraremus
1489 1324 1601 1402 millia

475 1466 751 1536 antecursorum
769 1459 830 1532 vel
849 1450 1070 1548 delerentur,
1089 1455 1150 1530 vel
1167 1455 1299 1530 saltem
1313 1453 1598 1549 dissiparentur:

475 1585 529 1660 itu
556 1583 651 1659 enim
688 1583 789 1676 iore,
825 1588 867 1657 ut
894 1588 1042 1659 ceterae
1070 1603 1218 1678 quoque
1247 1575 1425 1654 Caesaris
1453 1576 1601 1654 Turcici

476 1709 604 1807 copiae
632 1708 693 1783 rel
720 1715 820 1783 retro
844 1707 884 1781 in
911 1707 1039 1802 fugam
1065 1706 1344 1796 conficerentur,
1377 1702 1440 1778 vel
1470 1702 1599 1779 saltem

473 1841 571 1910 metu
598 1831 793 1932 perculsae
830 1831 950 1907 minus
979 1832 1155 1907 audacter
1191 1828 1516 1929 progrederentur.
1554 1827 1602 1904 At

476 1955 692 2035 Germanici
710 1980 885 2057 proceres
905 1956 1091 2033 diversum
1112 1956 1332 2042 sentiebant,
1365 1976 1435 2029 nec
1454 1955 1599 2030 obviam

472 2090 599 2160 tantae
627 2083 886 2158 Barbarorum¹
917 2080 1138 2156 multitudini
1178 2077 1335 2154 eundum
1369 2079 1600 2168 statuebant:

473 2217 673 2309 propterea
701 2207 799 2305 quod
818 2207 969 2282 stultum
996 2208 1094 2282 foret
1113 2227 1291 2280 summam
1317 2205 1372 2280 rei
1401 2201 1464 2280 uni
1492 2226 1597 2303 prae·

434 2413 438 2421 ,
474 2335 525 2411 lio
545 2333 783 2408 committere.
809 2331 908 2406 Nam
928 2329 960 2404 si
978 2331 1178 2407 universae
1204 2329 1369 2427 ipsorum
1389 2329 1522 2424 copiae
1542 2329 1599 2404 dc-

477 2462 651 2552 lercntur,
669 2459 808 2534 nullum
819 2458 899 2533 fore
910 2457 1069 2556 amplius
1078 2455 1387 2553 impedimentum,
1406 2455 1598 2552 quominus

477 2584 595 2660 victor
610 2585 861 2661 Barbarorum
880 2580 1067 2657 exercitus
1086 2580 1299 2656 nniversam
1320 2579 1529 2677 Vngariam
1549 2587 1600 2655 ut·

476 2729 547 2803 que
558 2705 1014 2805 Germaniamoccuparet,
1029 2713 1067 2780 et
1077 2713 1209 2781 cuncta
1218 2707 1329 2800 longe
1339 2705 1491 2802 lateque
1500 2706 1599 2781 ferro

473 2837 583 2929 atque
607 2830 757 2906 flamma
782 2838 1028 2929 pernoctaret.
1049 2830 1214 2926 Vngaris
1235 2828 1392 2926 quidem,
1431 2831 1494 2927 qui
1527 2831 1600 2905 sint

478 2978 604 3033 omnes
615 2955 768 3033 levioris
782 2964 1003 3048 armaturae,
1014 2955 1365 3054 pernicioribusqoe
1379 2954 1486 3052 equis
1495 2978 1599 3053 prae·

426 3168 435 3185 ‚
478 3081 554 3174 diti,
569 3080 1002 3179 minussorepericulum,
1022 3081 1132 3156 etiam
1144 3081 1178 3155 si
1186 3081 1336 3155 fortuna
1353 3078 1488 3154 Martis
1499 3102 1543 3155 eo
1563 3101 1602 3155 sc

476 3206 681 3299 inclinaret
709 3213 750 3281 ut
775 3207 866 3302 iuga
892 3205 1067 3281 utendum
1089 3206 1206 3300 soret3
1234 3205 1302 3279 sed
1322 3201 1523 3280 Germanis
1549 3203 1599 3281 uti

473 3332 565 3428 iuga
583 3331 656 3405 sibi
674 3331 880 3422 consulant,
910 3331 1094 3428 integrum
1121 3352 1354 3429 nequaquam
1372 3329 1465 3421 fore,
1493 3351 1599 3427 prop

473 3461 579 3529 terea
597 3455 695 3552 quod
713 3461 751 3529 et
769 3478 953 3532 armorum
971 3456 1146 3554 pondere,
1166 3462 1204 3531 ct
1231 3477 1406 3554 equorum
1424 3453 1599 3530 tarditate

471 3578 522 3655 ad
531 3577 723 3655 somnam
732 3580 853 3677 magis
864 3602 1036 3679 pugnam,
1048 3602 1156 3677 qnam
1167 3578 1215 3654 ad
1223 3579 1459 3654 velitationes
1475 3577 1597 3654 idonei

475 3705 559 3782 sint.
596 3703 756 3779 Proinde
775 3725 817 3779 se
835 3727 1070 3803 nequaquam
1089 3727 1135 3781 co
1161 3704 1337 3781 audacter
1365 3703 1599 3802 deventuros,

476 3838 515 3908 ut
533 3829 662 3929 copias
680 3853 770 3907 suas
789 3837 929 3906 temere
947 3831 986 3905 in
1004 3837 1146 3906 tantum
1166 3828 1362 3906 discrimen
1382 3829 1595 3905 coniiciant:

473 3955 693 4053 praesertim
717 3977 826 4052 quum
843 3955 882 4029 in
901 3954 1085 4030 mandatis
1110 3954 1159 4029 ab
1178 3956 1408 4052 Imperatore
1426 3952 1598 4042 habeant,

476 4080 736 4177 compescendi
772 4081 896 4178 potius
917 4080 1117 4170 Barbaros,
1153 4103 1199 4154 ne
1227 4080 1339 4155 latius
1369 4087 1598 4177 grassentur,

472 4227 581 4302 quam
600 4213 732 4303 sponte
750 4205 972 4281 lacessendi.
1000 4205 1072 4280 His
1091 4203 1217 4302 itaque
1237 4211 1348 4301 atque
1358 4202 1443 4279 aliis
1454 4205 1494 4279 in
1505 4203 1597 4278 hanc
1733 4199 1734 4232 ¹

476 4328 696 4406 seutentiam
716 4329 947 4430 disceptatis,
967 4355 1048 4407 cum
1066 4353 1243 4430 proceres
1258 4329 1442 4426 Vngarici
1459 4329 1599 4404 frustra

473 4476 517 4529 se
534 4454 711 4530 laborare
728 4455 910 4549 viderent,
930 4463 1108 4533 statutum
1139 4463 1205 4550 est,
1234 4463 1275 4531 ut
1292 4479 1360 4531 arx
1380 4453 1594 4530 Hatvanum
1733 4477 1734 4546 ς

472 4578 641 4654 funditus
661 4580 856 4675 deleretur,
885 4582 1006 4678 Agris
1032 4581 1226 4659 tormentis
1256 4579 1521 4680 praesidioque
1539 4577 1595 4653 fir-
1733 4585 1734 4638 1

477 4714 650 4800 moretur,
686 4730 732 4783 ac
758 4716 906 4786 ceterae
936 4708 1065 4813 copiae
1084 4717 1183 4790 retro
1205 4730 1246 4784 se
1266 4705 1487 4814 reciperent,
1507 4711 1544 4782 et
1560 4703 1597 4782 in
1733 4797 1734 4802 Ν
