3625 5534
449 437 527 514 152
861 459 910 510 10.
928 458 1030 508 nucu
1048 459 1197 510 snnovn

447 635 606 731 cognita,
627 633 750 709 omnia
777 632 854 706 vini
887 633 989 709 dolia
1025 632 1188 719 diffundi,
1226 635 1441 732 vinumque,
1468 659 1515 710 ne
1535 659 1578 710 eo

447 761 583 835 milites
602 759 840 852 inebrientur,
853 781 917 833 cor
925 759 1046 856 rumpi
1064 758 1189 833 edixit.
1209 758 1309 847 Mox,
1319 782 1366 833 ne
1375 760 1579 856 ingruenti·

447 887 517 960 bus
535 884 716 961 Barbaria
736 884 885 961 occasio
917 884 1038 960 cladis
1056 883 1310 959 refundendae
1330 885 1493 978 daretur,
1507 884 1579 961 col·

448 1010 556 1087 lectis
582 1010 749 1083 omnibus
776 1009 940 1108 praedis,
970 1033 1064 1107 quae
1084 1008 1394 1107 opulentissimae
1421 1011 1577 1101 fuerunt

451 1138 678 1232 incensaque
697 1135 799 1220 urbe,
819 1158 876 1226 ea,
896 1157 970 1231 qua
988 1144 1179 1219 venerant,
1199 1135 1273 1226 via,
1292 1144 1450 1212 ovantes
1470 1161 1580 1234 prae·

452 1263 581 1357 disque
609 1259 727 1350 ditati,
746 1260 901 1334 traiecto
931 1259 1126 1352 Danubio,
1163 1261 1402 1358 paucissimis
1430 1285 1580 1338 suorum

452 1386 600 1463 amissis
619 1384 995 1482 ianransylvaniam
1013 1385 1212 1461 redierunt.
1234 1387 1308 1460 His
1327 1409 1401 1461 non
1420 1389 1582 1464 contenti

451 1513 578 1605 nostri,
599 1513 726 1587 varias
746 1513 1034 1610 eTransalpina
1051 1513 1091 1587 in
1108 1513 1335 1611 longinquas
1356 1515 1469 1590 etiam
1490 1515 1583 1590 Tur·

452 1662 576 1714 carum
595 1660 681 1712 oras
700 1639 830 1713 fecere
849 1639 1103 1731 excursiones,
1125 1640 1260 1735 quibus
1287 1639 1326 1714 in
1355 1639 1475 1715 diram
1495 1665 1583 1738 gen·

452 1774 526 1840 tem
562 1764 788 1840 felicissimis
826 1765 963 1863 ubique
991 1766 1228 1856 successibus
1262 1767 1428 1862 grassati
1466 1767 1583 1842 fuere.

457 1891 553 1966 Nam
593 1897 630 1963 et
658 1887 894 1987 Gyrgioviae
932 1890 1010 1964 arci
1038 1890 1310 1965 circumiectum
1329 1889 1519 1988 oppidum,
1547 1899 1586 1965 et

454 2014 705 2106 Drcslovium,
725 2023 762 2088 et
782 2015 973 2112 complura
992 2014 1069 2090 alia
1095 2015 1281 2090 Turcioae
1309 2015 1463 2090 ditionis
1492 2014 1585 2103 loca,

455 2140 623 2214 incendio
642 2141 939 2239 absumpserunt,
959 2148 997 2214 et
1016 2141 1064 2215 ad
1095 2140 1308 2239 Nicopolim
1335 2162 1453 2237 usque
1480 2140 1584 2215 ferro

456 2265 688 2362 flammaque,
699 2263 791 2340 duce
802 2266 988 2340 Michaele
999 2265 1186 2362 Vajvoda,
1201 2265 1349 2341 vasallo
1368 2272 1455 2340 tunc
1466 2263 1586 2362 Sigis·
1727 2312 1728 2315 ,

456 2389 580 2465 mundi
599 2388 795 2487 Principis,
807 2398 939 2466 cuncta
957 2396 1164 2465 vastarunt.
1183 2387 1258 2465 Sed
1276 2390 1317 2464 in
1335 2389 1396 2464 nic
1417 2389 1588 2465 omnibus

457 2514 596 2614 primas
622 2515 740 2590 tenuit
777 2515 1058 2614 opulentissima
1084 2514 1152 2590 illa
1179 2515 1333 2591 Martini
1351 2515 1513 2606 Horvtt,
1544 2514 1587 2588 li-

457 2641 629 2743 berorum
648 2640 811 2738 peditum
839 2640 956 2736 ducis,
976 2640 1176 2738 expeditio,
1212 2663 1321 2737 quam
1349 2662 1429 2714 cum
1458 2639 1590 2736 paneis

459 2774 689 2863 susceperat,
728 2790 773 2841 ac
809 2776 968 2843 montem
986 2766 1171 2843 Haemum
1200 2775 1485 2860 transgressus,
1513 2789 1589 2841 non

459 2892 588 2990 procul
619 2914 642 2965 a
669 2889 810 2990 Sophia
836 2895 930 2968 urbe
958 2891 1160 2986 Thraciae,
1189 2891 1373 2967 aerarium
1401 2889 1590 2987 quoddam

459 3017 644 3113 publicum
663 3018 874 3118 diripuerat.
896 3015 1087 3117 Sumptnm
1107 3017 1298 3092 enimauri
1320 3015 1407 3090 inde
1426 3016 1589 3112 argenti·

461 3164 532 3239 que
551 3141 739 3217 adduxere
749 3143 878 3235 nostri,
898 3150 1035 3239 quanto
1054 3143 1202 3219 omnino
1235 3140 1390 3218 ferendo
1418 3141 1457 3214 in
1485 3147 1592 3217 taum

463 3267 628 3342 locorum
646 3267 928 3369 longinquitate·
948 3289 1061 3365 pares
1080 3267 1238 3343 inerunt:

926 3457 1127 3472 a

784 3655 959 3734 curun
988 3609 1257 3734 ocrnvun.

466 3843 523 3916 Dc
562 3841 769 3930 Molucrum,
808 3837 1002 3913 Amorrutlri
1034 3841 1141 3935 patri
1176 3837 1378 3933 substituto,
1423 3851 1592 3940 stranpc-

677 3967 831 4062 latisque
858 3965 1051 4039 octodecim.
1070 3961 1261 4060 fratribus
1288 3967 1372 4038 ciac.

574 4146 671 4221 Dum
718 4145 810 4220 haec
856 4153 1026 4241 aguntur,
1072 4143 1331 4219 Fordinandus
1369 4141 1592 4219 Archi-Dux

466 4269 654 4362 Andriae,
674 4270 832 4345 senioris
851 4267 1455 4367 Fordinandilmperatorisfilius,
1474 4267 1592 4345 Maxi·

466 4395 605 4472 miliani
624 4397 675 4470 ΙΙ.
695 4396 935 4494 lmperatoris
963 4404 1001 4472 et
1026 4394 1154 4472 Caroli
1181 4397 1311 4486 frater,
1342 4393 1594 4492 Oenipoutce

469 4523 566 4598 vivis
586 4523 752 4598 excessit
773 4525 880 4599 XlV.
892 4518 1512 4620 Ianuariiluliaui,cuiRodolphus
1524 4521 1598 4596 Im·

468 4653 629 4754 perator,
640 4649 768 4725 fratris
778 4645 1596 4751 filinamgubernationecomitatusuyrolen·
