3625 5534
480 453 531 531 14
870 471 919 524 10.
939 470 1041 522 cnon
1058 469 1209 522 nnuovrr

453 654 558 757 sita,
589 649 791 750 cespitibus
815 646 973 745 aliisque
1000 647 1039 722 id
1067 669 1186 744 genus
1214 649 1453 747 operimentis
1479 657 1611 726 conte-
1729 660 1730 705 ἱ

477 782 543 877 git.
561 780 660 856 Dum
680 775 773 852 haec
797 781 976 871 aguntur,
1004 773 1126 851 triduo
1144 775 1220 850 iam
1238 777 1388 876 elapso,
1417 778 1466 852 ad
1496 800 1614 877 prae·

478 905 655 1004 scriptum
673 900 827 977 barbari
846 907 1003 997 tempus,
1023 922 1133 996 quam
1142 903 1388 997 ornatissime,
1409 911 1447 979 et
1464 903 1617 999 magni-

477 1027 715 1108 ficentissime
735 1026 813 1103 arci
832 1049 968 1122 magno
990 1048 1071 1102 cum
1090 1027 1247 1124 gaudio,
1271 1052 1318 1103 ac
1335 1051 1403 1129 spe
1422 1037 1616 1106 monaste-

477 1158 525 1234 rii
542 1156 711 1258 potiundi
730 1153 1039 1254 sppropingusnt.
1066 1151 1210 1244 Quibus
1229 1154 1362 1232 Abbas
1380 1158 1486 1248 visis,
1506 1158 1617 1234 iubet
1719 1239 1723 1245 ,

477 1293 608 1384 portas
628 1282 758 1376 attolli,
777 1281 899 1378 iisque
920 1280 1145 1378 quingentos
1164 1306 1211 1358 ex
1228 1283 1419 1376 barbaris,
1439 1283 1504 1381 qui
1521 1283 1616 1360 reli·

481 1411 563 1510 quis
581 1432 739 1508 genere,
768 1431 813 1483 ao
832 1412 965 1482 ornatu
982 1415 1179 1506 praestare
1200 1408 1441 1502 videbantur,
1468 1409 1617 1509 triplici

480 1535 628 1632 agmine
647 1540 807 1626 servato,
826 1532 864 1605 in
875 1554 999 1606 arcem
1009 1532 1215 1609 intromitti«
1231 1532 1436 1632 Postquam
1445 1537 1616 1612 maxima

481 1684 608 1738 eorum
625 1683 715 1760 pars
733 1658 959 1753 introiisset,
989 1657 1121 1736 Abbas
1140 1661 1313 1737 claustris
1332 1661 1502 1759 protinus
1521 1684 1611 1759 por·

481 1797 606 1864 tarum
620 1786 867 1864 anterioribus
886 1785 1006 1880 simul,
1025 1795 1064 1862 et
1076 1788 1346 1886 posterioribus
1366 1787 1537 1884 dejectis,
1557 1788 1615 1861 iu-

482 1915 547 1990 bet
572 1921 755 1993 tormenta
783 1911 831 1987 ad
858 1933 924 1986 eos
951 1910 1028 1986 iam
1059 1920 1171 1989 antea
1196 1936 1287 1988 usus
1315 1913 1386 1988 rite
1414 1913 1615 2012 disposita,

482 2038 642 2139 explodi.
668 2037 723 2114 Iis
734 2034 913 2111 hincinde
930 2035 1102 2129 incensis,
1121 2038 1287 2113 nonnulli
1306 2061 1432 2115 eorum
1451 2039 1613 2114 distrac-

340 2241 343 2249 .
480 2167 527 2259 ti,
556 2164 860 2260 membratimque
880 2159 1030 2252 divulsi,
1050 2161 1208 2260 periere,
1229 2161 1295 2237 alii
1313 2164 1351 2237 in
1371 2186 1461 2239 aera
1479 2164 1518 2237 vi
1537 2172 1615 2241 tor-

482 2290 652 2369 mentarii
670 2289 836 2388 pulveris
865 2289 1012 2379 sublati,
1040 2289 1266 2380 wlitavam,
1296 2313 1422 2366 omnes
1451 2291 1614 2389 denique

483 2420 531 2495 ad
548 2417 836 2494 internecionem
855 2416 1061 2514 consumpti
1078 2416 1203 2510 fuere,
1222 2415 1354 2514 quibus
1373 2419 1485 2493 rebus
1502 2441 1614 2517 prae-

481 2553 540 2622 ter
559 2567 702 2621 omnem
722 2565 824 2641 spem
845 2542 1077 2640 conspectis,
1097 2544 1230 2636 ceteri,
1259 2545 1322 2640 qui
1341 2553 1449 2620 extra
1467 2545 1615 2620 cancel-

483 2671 542 2746 los
561 2676 750 2767 portarum
779 2673 949 2742 eventum
976 2667 1031 2743 rei
1050 2655 1397 2782 praestolabantur,
1424 2668 1518 2756 nibil
1538 2691 1615 2745 om-

484 2795 570 2871 nino
600 2793 787 2892 antiquius
805 2793 989 2884 habuere,
1019 2817 1128 2892 quam
1146 2802 1187 2871 ut
1209 2795 1248 2870 in
1267 2805 1398 2872 castra·
1420 2796 1469 2870 ad
1486 2795 1615 2871 Hazo-

484 2946 571 3000 num
597 2923 756 2998 Bassam
786 2919 969 2996 concitato
998 2943 1109 2998 cursu
1136 2920 1419 3017 contenderent,
1446 2925 1479 2999 is
1507 2931 1616 2998 tanta

485 3072 653 3141 suorum,
681 3055 720 3125 et
747 3071 792 3122 ex
819 3047 867 3121 iis
895 3047 1223 3126 selectissimorum
1251 3065 1478 3148 quorumque
1507 3049 1615 3125 clade
1729 3082 1730 3085 κ

487 3176 654 3274 cognita,
682 3173 901 3252 furibundus
928 3174 1106 3269 fremere,
1135 3184 1173 3252 et
1197 3176 1392 3253 horrendis
1419 3177 1458 3251 in
1485 3197 1616 3250 verum

487 3299 781 3378 Christianorum
801 3323 935 3376 numen
952 3300 1202 3393 contumeliis,
1223 3327 1269 3377 ac
1294 3300 1538 3399 blasphemiis
1563 3301 1616 3375 ef-

486 3427 591 3520 fusis,
611 3426 845 3502 iureiurando
865 3448 906 3503 se
926 3447 1075 3518 vovere,
1096 3435 1396 3502 tantamsuorum
1413 3427 1617 3525 perniciem

490 3553 570 3629 diro
591 3552 671 3627 eius
690 3532 788 3627 arcis
797 3551 943 3627 excidio
959 3550 1238 3627 vindicaturum.
1260 3551 1472 3626 Adiioiebat
1490 3551 1616 3638 etiam,

489 3702 540 3764 se,
562 3701 642 3754 curn
661 3676 808 3786 illinon
827 3677 973 3767 virtute,
993 3676 1061 3750 sed
1077 3676 1188 3769 dolis,
1207 3677 1263 3753 ita
1281 3677 1505 3753 fortissimos
1523 3677 1613 3751 mili-

488 3814 546 3882 tes
565 3801 911 3893 circumvenissent,
939 3800 1083 3898 palam,
1108 3811 1311 3900 apertoque
1330 3811 1449 3879 marte
1467 3824 1535 3878 eos
1553 3825 1617 3900 op·

489 3937 759 4030 pugnaturum,
787 3927 1064 4026 periculumque
1093 3927 1308 4026 propediem
1337 3928 1541 4019 iacturum,
1571 3951 1617 4002 an

490 4079 628 4154 parvus
649 4053 947 4131 Christianorum
974 4053 1079 4128 Deus
1109 4047 1178 4152 (ita
1196 4053 1291 4129 enirn
1319 4053 1540 4153 blasphema
1559 4076 1619 4128 ca·

489 4183 578 4284 pita,
597 4181 786 4259 Christum
810 4203 878 4280 per
897 4187 1142 4279 contemptum
1160 4174 1363 4278 appellant)
1384 4204 1405 4254 e
1424 4202 1534 4254 manu
1552 4199 1619 4254 eos

492 4330 561 4384 sua
588 4331 718 4384 eruere
746 4305 885 4407 possit,
914 4305 1017 4383 cuius
1045 4305 1100 4380 illi
1118 4307 1303 4404 potentia,
1327 4305 1548 4402 numineque
1567 4302 1619 4376 di·

491 4433 577 4510 vino
596 4434 701 4526 freti,
729 4441 806 4508 tam
829 4433 1006 4509 audacter
1034 4454 1076 4507 se
1095 4428 1274 4508 Caesaris
1301 4430 1455 4529 imperio
1484 4429 1620 4504 obiice·

492 4567 600 4636 rent:
630 4559 769 4635 habere
797 4581 839 4634 se
863 4559 1111 4635 Mahometem
1139 4560 1251 4654 longe
1279 4558 1344 4634 illo
1362 4555 1618 4655 potentiorem,

494 4685 596 4762 cuius
616 4684 863 4762 Musulmanni
883 4679 951 4782 (ita
975 4685 1070 4759 euim
1089 4705 1131 4757 se
1150 4684 1277 4758 vocari
1305 4675 1483 4779 gaudent)
1512 4705 1620 4779 prae·
