3625 5534
516 539 564 588 on
585 539 665 588 nnn.
685 539 770 590 vno.
791 539 874 592 nnc.
894 541 930 592 x.
950 540 983 590 11.
1013 541 1048 592 x.
1280 519 1356 594 247

228 713 367 786 bellum
395 710 578 787 nobilitati
607 714 777 808 inferant,
808 735 918 811 quam
938 712 1203 789 excruciandos
1233 735 1274 790 se
1302 717 1356 791 cis
1445 787 1452 800 ‚

230 837 280 910 ad
315 844 483 913 extrema
511 860 678 936 quaeque
698 839 891 948 ‘supplicia
930 839 1076 914 dedant.
1122 840 1181 914 lta
1208 839 1356 937 publico

230 968 362 1037 contra
376 960 559 1058 Principis
580 987 624 1038 ac
646 963 761 1039 totins
780 963 900 1059 Regni
920 962 1070 1038 decreta
1086 962 1213 1061 palam
1231 964 1352 1040 edicto

230 1088 438 1185 prohibent,
469 1096 505 1163 et
532 1090 570 1165 in
596 1090 909 1188 frequentioribus
938 1111 1086 1166 suorum
1114 1098 1356 1167 conventuum

230 1215 378 1313 oppidis
397 1215 551 1291 authore
570 1216 678 1291 huius
698 1215 844 1290 consilii
862 1216 900 1290 in
920 1215 1009 1289 sede
1030 1215 1259 1294 llarosieusi.
1280 1217 1352 1292 An·

230 1340 322 1414 drea
351 1336 502 1415 Carolio
534 1341 757 1439 proclamari
787 1341 933 1432 iubent,
971 1365 1018 1415 nc
1048 1317 1130 1438 quis
1150 1338 1355 1419 Siculorum

229 1467 407 1563 pristinos
437 1466 602 1543 dominos
630 1490 836 1564 agnoscere
855 1467 964 1559 ausit,
993 1467 1032 1540 id
1059 1466 1092 1542 si
1120 1467 1204 1564 quis
1231 1469 1355 1546 facere

229 1593 530 1690 praesumpserit,
550 1615 635 1666 eum
659 1593 826 1690 quisquis
856 1593 905 1667 sit
933 1593 1088 1674 futurus,
1116 1595 1245 1669 mortis
1273 1594 1366 1671 lore⁰

230 1741 340 1811 reum,
369 1717 632 1793 circummissis
650 1719 896 1817 praeconibus
927 1719 1180 1814 pronunciant,
1207 1720 1355 1796 adiecta

229 1845 341 1921 etiam
358 1844 397 1918 in
414 1843 590 1919 maiorem
608 1851 800 1939 terrorem,
828 1841 1001 1941 supplicii
1028 1845 1159 1937 forma,
1189 1847 1280 1938 fore,
1308 1853 1349 1922 ut

229 1970 290 2066 qni
310 1969 559 2059 contraierint,
578 1969 729 2044 inverso
749 1969 869 2067 capite
896 1969 994 2066 palis
1023 1969 1235 2065 affigantur.
1273 1973 1353 2048 Nec

228 2095 286 2170 his
304 2094 468 2171 contenti
487 2093 692 2170 clanculum
711 2117 778 2193 per
807 2117 934 2170 omnes
963 2104 1164 2171 conventus
1191 2097 1353 2172 unanimi

227 2243 412 2299 consensu
430 2220 675 2312 coniuraruut,
697 2245 749 2314 se,
769 2222 849 2296 sivi
863 2221 913 2297 ad
926 2221 1141 2298 servitutem
1161 2231 1351 2320 cogantur,

227 2350 422 2428 universos
440 2373 545 2423 arma
562 2357 691 2424 contra
708 2349 938 2424 nobilitatem
959 2356 1179 2446 sumpturos.
1198 2349 1351 2448 Idpost-

226 2499 335 2573 quam
353 2474 537 2550 nobilitati
556 2475 722 2566 innotuit,
741 2474 866 2549 missis
885 2475 1083 2551 confestim
1094 2473 1249 2568 nunchs,
1269 2473 1349 2550 ste-

225 2602 384 2700 phanum
400 2601 641 2688 Boczkaium,
671 2600 791 2677 locum
827 2609 914 2676 tuno
941 2599 1125 2699 Principis
1153 2607 1350 2692 tenentem,

225 2727 270 2802 de
287 2727 429 2803 ferocia
456 2725 663 2801 Siculorum
700 2725 895 2801 certiorem
922 2726 1022 2819 facit,
1052 2726 1115 2823 qui
1134 2749 1178 2803 eo
1197 2727 1270 2802 iam
1289 2749 1351 2802 au-

225 2853 354 2928 daciae
383 2876 427 2927 ac
455 2853 632 2927 vesaniae
657 2861 941 2950 processerant,
968 2857 1008 2926 ut
1037 2850 1207 2926 aedificia
1238 2852 1350 2926 domi-

225 3001 352 3054 norum
372 3001 522 3054 suorum
540 2977 743 3070 destrucre,
762 2979 836 3056 vim
855 2977 1081 3076 primoribus
1099 2977 1276 3054 nobilium
1286 2980 1350 3054 mi·

222 3106 342 3198 uitari,
374 3129 419 3179 ac
451 3113 584 3180 cuncta
610 3111 754 3179 terrore
782 3104 1063 3201 latrociniisque
1092 3103 1247 3178 miscere
1274 3126 1349 3179 non

221 3239 446 3306 vererentur.
494 3232 554 3305 Ea
589 3256 630 3305 re
669 3233 818 3327 cognita
854 3229 1066 3305 Boczkaius
1105 3230 1255 3321 veritus,
1295 3253 1343 3304 ue
1408 3251 1412 3262 ·

177 3405 182 3412 ·
226 3355 378 3430 absente
389 3354 561 3453 Principe
580 3355 617 3430 in
629 3363 797 3453 apertum
816 3378 877 3429 res
896 3355 1033 3430 bellum
1053 3363 1206 3430 externo
1224 3355 1346 3452 perni-

223 3480 359 3555 ciosius
379 3489 598 3579 erumperet,
616 3482 669 3555 ita
687 3480 898 3579 provincias
924 3479 1182 3577 compescendi
1202 3477 1347 3558 Siculos

222 3605 439 3704 dispertitus
458 3615 517 3682 est
533 3607 758 3703 primoribus
778 3606 974 3698 nobilium,
1004 3612 1045 3680 ut
1063 3605 1101 3679 in
1121 3606 1253 3699 Kezdi,
1274 3606 1345 3682 Or-

222 3733 292 3823 bai,
322 3740 360 3806 et
386 3730 520 3830 Saepsi
547 3733 657 3807 sedes
686 3729 891 3829 Georgium
919 3731 1150 3807 Ravazdium
1177 3731 1346 3806 consilia·

222 3857 333 3945 rium,
380 3858 417 3931 in
453 3858 724 3933 Marosiensem
764 3858 920 3953 denique
967 3856 1092 3930 sedem
1120 3853 1346 3954 Stephanum

221 3981 429 4072 Tholdium,
450 3983 758 4058 etBalthasarem
769 3982 991 4077 Bogathinm
1003 3979 1162 4076 Regium
1182 3982 1345 4057 eiusdem

219 4109 292 4182 loci
320 4108 493 4201 Iudicem,
532 4134 613 4185 cum
640 4109 750 4183 certis
779 4108 941 4204 equitum
964 4105 1199 4203 peditumque
1218 4105 1346 4184 cohor·
1410 4203 1424 4230 ·

219 4235 319 4310 tibus
339 4236 545 4331 ablegaret.
575 4234 719 4309 Prorex
742 4233 856 4328 igitur
875 4231 1020 4308 nomine
1043 4229 1225 4325 Principis
1245 4253 1345 4305 man·

220 4359 294 4448 dat,
312 4367 354 4434 ut
372 4360 590 4436 authoribus
608 4357 827 4434 rebellionis
846 4381 978 4433 severe
997 4336 1144 4455 punitis,
1164 4355 1344 4452 reliquam

220 4485 485 4559 multitudinem
515 4486 720 4583 imperitam
750 4486 871 4580 magis
899 4493 1057 4574 terrore,
1083 4505 1191 4578 quam
1220 4472 1356 4572 armis,¹

218 4609 289 4682 sisi
307 4611 516 4686 necessitas
537 4611 638 4685 aliud
656 4608 845 4708 postulare
856 4609 1033 4700 rideatur,
1053 4615 1340 4703 compescerent.

220 4733 378 4832 Alioqui.
407 4761 453 4810 uc
483 4761 571 4836 pars
590 4738 734 4810 sincera
763 4735 943 4810 trabatur.
973 4755 1061 4806 ense
1082 4730 1228 4830 penitus
1247 4731 1340 4808 sedi·
