3625 5534
511 517 1027 570 nenssvnonuemmx.
1078 509 1088 518 '
1252 497 1327 576 271
1374 485 1382 498 ¹

206 689 380 766 Andreas
399 690 568 780 Barcaei,
588 691 649 786 qni
669 714 750 766 enm
770 713 884 785 aeger
912 701 999 766 tuno
1022 701 1125 768 esset
1142 694 1262 768 animo
1296 703 1334 770 et

206 837 374 913 oorpore,
412 815 618 890 Zolnokum
646 817 834 890 tamenin
863 817 1116 914 captivitatem
1145 819 1330 896 abduotus

204 950 272 1016 est
292 943 353 1015 Ita
370 941 478 1038 pauoi
508 964 555 1015 ex
583 941 681 1016 omni
709 962 860 1017 numero
890 941 1043 1016 militum
1063 940 1335 1039 Vngarioorum

205 1065 302 1140 salvi
319 1065 368 1140 ad
387 1087 475 1139 suos
494 1088 660 1141 evasere.
697 1064 741 1136 In
767 1066 915 1162 plebem
942 1075 1065 1142 tamen
1085 1089 1226 1144 summa
1243 1090 1333 1143 usus

205 1199 265 1265 est
284 1190 491 1282 elementia,
511 1198 547 1264 et
570 1197 766 1287 postquam
784 1190 933 1287 publico
953 1190 1073 1268 edicto
1094 1193 1142 1268 ad
1160 1192 1333 1270 obedien·

204 1314 295 1400 tiam
312 1316 587 1413 praestandam,
607 1323 645 1390 et
663 1326 800 1390 terram
819 1316 1011 1392 colendam
1030 1317 1235 1393 mitissimis
1250 1340 1334 1395 sua-

204 1441 373 1518 sionibus
392 1466 473 1518 eam
493 1440 711 1518 adhortatus
730 1442 882 1534 fuisset,
922 1444 1111 1541 sportulas
1140 1445 1250 1520 etiam
1270 1445 1333 1521 ad-

205 1566 303 1662 iecit,
322 1576 362 1643 et
378 1591 550 1664 maguum
569 1590 758 1642 numerum
777 1569 947 1664 argentei
961 1568 1193 1644 numismatis
1205 1572 1333 1670 (aspe-

206 1714 269 1766 ros
288 1695 482 1782 vocamus)
502 1693 540 1766 in
559 1692 708 1788 vulgum
720 1693 871 1791 sparsit.
886 1694 975 1768 Mox
986 1695 1181 1790 oertos'qui
1192 1693 1333 1792 Agriae

204 1825 433 1914 praeessent
453 1826 491 1892 et
507 1820 633 1895 ruinas
651 1820 749 1894 areis
768 1827 880 1916 atque
899 1819 1024 1918 oppidi
1045 1819 1251 1914 reficerent,
1282 1843 1329 1894 ex

206 1944 360 2020 oonsilio
380 1943 519 2039 deligit
539 1967 582 2020 eo
603 1946 734 2036 animo,
753 1952 793 2019 ut
811 1945 966 2019 ulterius
976 1965 1245 2042 progressurus
1256 1943 1330 2017 To-

206 2068 343 2162 kaium‚
360 2065 577 2144 Oassoviam
596 2077 636 2144 et
653 2079 799 2145 oeteras
810 2068 1001 2166 Vugariae
1021 2068 1199 2165 reliquias
1219 2068 1329 2147 Vien-

205 2217 288 2268 nam
307 2216 425 2291 usque
444 2196 573 2271 eodem
601 2195 779 2271 victoriae
802 2217 913 2270 oursu
941 2192 1119 2292 diriperet
1154 2201 1264 2291 atque
1292 2194 1329 2268 in

204 2325 427 2416 potestatem
445 2319 643 2415 redigeret.
664 2321 724 2394 lta
743 2320 838 2395 enim
856 2321 983 2394 faeere
994 2325 1187 2410 statuerat,
1207 2325 1244 2392 et
1257 2317 1329 2395 Le·

206 2444 306 2539 gatis
323 2443 519 2534 Poloniois‚
549 2445 610 2542 qui
635 2445 684 2519 ad
703 2443 886 2540 Segedum
907 2441 1064 2519 Caesari
1083 2450 1329 2536 occurrerant,

205 2569 443 2665 praedixerat
468 2571 561 2663 fore,
587 2579 628 2646 ut
655 2580 766 2669 oapta
784 2569 906 2668 Agria
934 2575 971 2643 et
1000 2568 1135 2644 ceteris
1155 2568 1203 2642 ad
1223 2567 1329 2645 Polo-

205 2693 303 2768 niam
320 2717 438 2791 usque
457 2693 649 2792 Vngariae
667 2694 802 2769 finibus
820 2693 927 2769 brevi
949 2693 988 2768 in
1006 2699 1231 2791 potestatem
1251 2693 1328 2782 (re-

206 2813 351 2918 dactis),
372 2817 523 2894 Polonis
543 2818 591 2895 ad
609 2843 650 2894 se
669 2819 837 2894 venturis
856 2817 1109 2915 compendium
1127 2817 1302 2893 efficeret·

487 3247 662 3326 CAPVT
691 3247 1059 3325 DVODECIMVM.

205 3409 263 3483 De
298 3409 524 3506 expeditione
553 3409 779 3511 Siqismrmdi
817 3409 1006 3508 Principia
1040 3408 1327 3508 Trourylvuoiae

445 3536 498 3610 ad
514 3562 616 3633 opem
633 3535 868 3635 Aprienrr'bus
877 3533 1086 3634 ferendam.

310 3693 517 3792 Agrienses
545 3697 699 3772 simulao
726 3719 767 3772 se
804 3721 828 3772 a
865 3697 1000 3772 Turois
1027 3695 1105 3793 peti
1131 3695 1324 3791 cognovis-

204 3828 295 3908 sent,
315 3827 457 3896 mature
476 3821 515 3895 id
532 3822 785 3898 Maximiliano
803 3821 1005 3898 Arohiduoi
1034 3829 1071 3896 et
1089 3815 1322 3916 Sigismundo

202 3942 546 4044 'l'rausylvauorum
564 3947 728 4047 Principi
758 3947 1070 4045 significaverant,
1100 3952 1137 4019 et
1164 3951 1204 4018 ut
1230 3949 1319 4018 tem·

204 4071 386 4169 pestivam
404 4072 497 4171 ipsis
518 4095 625 4172 opem
643 4075 791 4164 ferrent,
812 4074 947 4149 obnixe
961 4077 1168 4146 oraverant.
1188 4065 1236 4143 Se
1247 4067 1323 4163 qui·

205 4195 286 4271 dem
313 4196 396 4272 Deo
431 4198 527 4273 bene
554 4199 703 4274 iuvante
731 4198 884 4274 daturos
913 4218 1073 4294 operam,
1110 4201 1151 4269 ut
1179 4191 1322 4270 obsidio

204 4319 338 4397 diutins
357 4320 521 4413 duratur,
538 4324 763 4420 barbarique
781 4322 878 4396 intra
896 4319 1036 4417 aliquot
1063 4339 1209 4394 meuses
1232 4338 1322 4414 ope·
1430 4313 1436 4324 '

203 4469 281 4521 ram
299 4446 453 4525 rudant:
472 4448 541 4524 sed
560 4456 683 4523 tamen
701 4471 748 4523 ne
766 4446 864 4522 omni
878 4445 1044 4521 subsidio
1055 4444 1231 4540 destituti,
1249 4465 1322 4518 non

204 4570 347 4665 munte,
384 4573 452 4647 sed
479 4596 630 4649 numero
657 4572 804 4649 taudem
831 4570 1034 4660 vincantur,
1072 4593 1213 4646 summa
1250 4590 1320 4667 ope

204 4693 437 4794 Principibus
455 4697 663 4775 enitendum
682 4719 775 4774 esse.
800 4697 859 4774 Ea
876 4720 918 4772 re
938 4697 1086 4794 cognita
1100 4695 1320 4772 Maximilia·
