3625 5534
460 465 513 545 28
851 491 900 541 10.
921 489 1021 540 nacn
1039 490 1189 541 nnuovn

461 667 609 758 Sinano,
627 669 812 766 extemplo
832 689 914 742 eum
933 666 1060 741 habito
1071 665 1252 740 acerrimo
1267 667 1420 743 militum
1439 665 1591 744 delectu

461 822 540 872 oum
553 797 693 893 ingenti
713 800 897 894 apparatu
916 794 953 868 in
972 794 1178 890 Vngariam
1195 794 1351 870 iussisse
1370 817 1590 892 properare.

461 924 566 1015 Quae
584 945 647 998 res
666 947 746 998 cum
758 923 832 996 iam
847 919 984 995 Sinano
995 921 1048 996 ita
1066 944 1176 996 curae
1187 944 1273 997 esse
1292 922 1437 1012 debeat,
1453 931 1495 997 ut
1515 946 1591 997 om-

461 1074 527 1127 nes
537 1051 673 1148 ubique
684 1048 861 1125 Caesaris
874 1047 1031 1145 Imperio
1042 1047 1240 1138 subiectos,
1253 1048 1407 1140 inhonc,
1417 1048 1591 1146 gerendi,

460 1201 605 1278 secum,
624 1177 807 1252 adversus
836 1197 1045 1251 communes
1074 1177 1225 1254 hostes.
1253 1177 1344 1251 belli
1369 1176 1592 1253 societatem

461 1304 654 1379 attrabat:
682 1312 720 1378 te
739 1325 894 1400 quoque,
914 1303 1010 1376 inter
1031 1302 1127 1376 alios
1146 1300 1325 1378 Caesaris
1339 1303 1541 1396 studiosos,
1551 1305 1591 1379 in

459 1445 642 1529 tempore,
662 1431 741 1505 eins
758 1430 813 1505 rei
840 1452 907 1528 per
936 1453 993 1503 me
1024 1429 1216 1505 certiorem
1235 1429 1317 1504 fieri
1334 1429 1471 1518 voluit,
1489 1437 1533 1506 nt
1554 1439 1593 1506 et

465 1557 622 1634 Caesari
644 1557 753 1632 fidem
779 1566 878 1632 tuam
896 1557 1052 1652 probes,
1073 1564 1110 1631 et
1137 1555 1307 1654 exemplo
1333 1563 1396 1632 tuo
1423 1557 1521 1632 alios
1542 1559 1593 1634 ad

462 1684 632 1761 obeunda
650 1682 825 1757 mandata
847 1682 1050 1758 alacriores
1069 1681 1217 1758 reddas.
1239 1682 1324 1759 Hoc
1332 1682 1400 1759 tibi
1421 1705 1503 1759 cum
1523 1684 1590 1759 ho·

462 1812 651 1887 noriticnm
669 1809 768 1908 apud
786 1816 926 1885 tantum
946 1807 1158 1904 Caesarem,
1178 1818 1254 1886 tum
1274 1809 1452 1886 eiusmodi
1470 1812 1588 1887 etiam

465 1940 545 2031 erit,
563 1945 603 2014 ut
622 1938 670 2012 ad
688 1937 856 2014 beneficii
874 1935 986 2028 illius,
1007 1959 1079 2033 quo
1099 1937 1176 2030 Tu,
1201 1944 1328 2036 pater,
1356 1945 1590 2036 patruusque

463 2075 558 2160 tuus,
578 2066 700 2141 delato
716 2064 787 2138 hoc
804 2064 911 2139 vobis
930 2065 968 2137 in
986 2064 1170 2162 privatam
1189 2064 1335 2140 domum
1354 2064 1588 2163 principatus

463 2194 619 2285 honore,
648 2191 748 2268 aucti
767 2190 909 2282 fuistis,
939 2190 1200 2267 declarandam
1229 2191 1462 2279 memoriam,
1490 2190 1591 2266 banc

463 2327 626 2418 optatam
652 2318 727 2394 tuis
758 2317 877 2417 ipsius
905 2317 1003 2392 votis
1032 2318 1287 2412 occasionem,
1321 2319 1483 2394 oblatam
1518 2318 1590 2394 tibi

463 2469 549 2522 esse
567 2445 646 2521 iure
664 2445 788 2543 possis
807 2439 998 2539 gratulari.

778 2838 953 2918 OAPVT
983 2840 1267 2919 SEPTIMVM.

465 3025 523 3100 De
538 3025 732 3122 portabatis
763 3022 934 3099 Caesaris
962 3051 986 3098 u
1006 3025 1185 3120 Principe
1217 3022 1527 3124 Transylvuniaa,
1557 3038 1590 3100 et

783 3256 786 3260 A
857 3149 1025 3226 Caesaris
1047 3149 1189 3225 Liberis.

574 3333 645 3408 His
665 3333 773 3408 dictis
800 3341 972 3432 porrecta
990 3334 1029 3407 in
1053 3333 1172 3409 sinum
1200 3332 1355 3408 dextero
1382 3331 1588 3406 chartulam

465 3483 533 3537 sua
550 3460 667 3560 ipsius
687 3484 796 3537 manu
815 3462 1000 3558 signatam
1021 3460 1259 3559 depromens,
1284 3483 1348 3550 ea,
1368 3480 1464 3556 quae
1482 3458 1588 3534 iussn

465 3583 591 3662 Sinani
620 3587 869 3680 annotaverit,
898 3611 939 3663 se
967 3563 1040 3662 iam
1070 3585 1361 3686 significaturum
1391 3585 1493 3660 dixit.
1529 3585 1589 3660 Ea

465 3719 546 3788 octo
566 3711 749 3812 capitibus
768 3712 1053 3811 comprehensa,
1081 3712 1140 3787 his
1170 3710 1431 3811 propemodum
1459 3709 1587 3786 verbis

466 3840 608 3938 scripta
625 3848 740 3914 erant.
769 3838 963 3914 Postulata
988 3834 1117 3913 Sinani
1135 3838 1279 3914 Bassae
1307 3861 1330 3912 a
1349 3835 1586 3935 sigismundo

469 3965 770 4064 Transylvaniae
789 3965 982 4066 Principe:
1004 3965 1269 4066 quinquaginta
1287 3963 1403 4040 millia
1417 3962 1585 4062 praelon-

467 4115 596 4190 garum
615 4090 813 4189 hastarum
833 4093 870 4168 in
895 4099 1020 4168 castra
1047 4092 1184 4168 deferri
1203 4099 1324 4182 curet,
1353 4111 1507 4188 quarum
1534 4089 1588 4164 vi·

466 4219 559 4317 gluti
578 4218 695 4294 millia
713 4219 867 4312 solidae,
886 4220 1052 4318 reliquae
1071 4243 1160 4297 vero
1179 4217 1231 4294 30
1247 4217 1364 4294 millia
1382 4225 1587 4294 excavatae

467 4354 503 4422 et
522 4346 699 4420 cannabis
719 4347 919 4423 corticibus
938 4348 1097 4424 intortae
1118 4354 1237 4423 sunto.
1259 4343 1407 4444 Operas
1426 4345 1586 4420 maximo

465 4495 626 4564 numero,
646 4496 725 4548 oum
746 4473 943 4570 ligonibus,
967 4475 1206 4574 bipennibus,
1227 4471 1371 4565 vannis,
1390 4479 1428 4547 et
1446 4471 1531 4547 aliis
1550 4470 1588 4544 id

468 4620 585 4692 genna
604 4600 874 4693 instrumentis,
903 4603 941 4677 in
959 4611 1130 4702 promptu
1148 4599 1297 4677 habeat.
1322 4602 1481 4674 Ioannes
1501 4597 1584 4675 olim

466 4725 550 4802 Rex
569 4723 648 4798 eius
668 4725 824 4801 nominis
853 4723 1063 4821 Secundus,
1092 4727 1226 4824 quibus
1260 4705 1452 4804 tormentis
1481 4723 1586 4806 belli·
