3625 5534
509 529 558 579 nu
576 529 657 581 nnn.
676 531 761 582 vuc.
784 531 867 582 nse.
888 533 921 579 x.
941 533 974 583 n.
993 536 1029 586 x.
1258 511 1336 587 255

209 701 365 793 bilitatc,
386 729 431 778 ac
450 711 554 779 certa
571 705 791 780 rusticorum
811 713 918 803 parte
945 709 982 782 iu
1002 707 1143 806 campis
1164 707 1336 785 Albensi-

210 830 278 903 bus
297 831 433 905 adesse
451 831 563 905 iubet.
582 831 670 928 lpse
689 831 808 905 literis
828 832 877 906 ad
897 829 1101 930 Georgium
1122 833 1336 924 clanculum,

211 966 349 1054 quanta
376 957 494 1054 potuit
513 955 716 1047 celeritate,
746 957 854 1049 datis,
884 957 1072 1052 siguificat
1100 980 1142 1034 sc
1170 957 1336 1033 collectis

210 1083 328 1180 copiis
347 1080 521 1157 celeriter
540 1082 682 1170 adfore,
698 1083 943 1181 hortaturque
972 1106 1065 1170 eum,
1085 1091 1125 1158 ut
1143 1083 1333 1180 praesenti

210 1208 331 1282 animo
350 1209 410 1299 sit,
436 1209 704 1308 pristinamque
723 1209 895 1284 virtutem
914 1209 1084 1285 retineat.
1106 1209 1204 1300 Mox,
1225 1231 1333 1306 prae-

210 1334 335 1409 missis
352 1334 623 1431 impedimentis
641 1344 753 1433 atque
770 1335 976 1426 tormentis,
1005 1335 1241 1433 cumprimum
1272 1359 1333 1410 eo·

210 1459 295 1558 piae
324 1467 583 1553 convenerunt,
603 1459 641 1534 in
661 1457 840 1558 Campum
859 1459 985 1548 Panis,
1023 1459 1077 1534 sie
1096 1459 1334 1564 pppellatum,

210 1586 457 1685 progreditur,
478 1593 515 1661 et
535 1593 644 1662 aucto
661 1587 702 1661 in
721 1587 801 1662 dies
820 1587 986 1661 exercitu
1004 1585 1228 1684 pedetentim
1249 1585 1334 1683 Lip-
1364 1611 1367 1618 ·

210 1735 294 1811 pam
314 1734 445 1787 versus
464 1711 642 1810 procedit.
661 1712 706 1788 Id
723 1711 787 1785 ubi
806 1711 954 1786 ancae
982 1733 1049 1809 per
1078 1712 1336 1810 exploratores
1384 1688 1388 1696 ¹

211 1861 430 1934 cognovere,
470 1838 590 1912 territi
621 1838 813 1912 confestim
833 1837 993 1912 adventu
1022 1835 1207 1935 Principis
1237 1838 1334 1912 obsi-

211 1966 356 2040 dionem
375 1963 584 2062 relinquere
603 1971 779 2040 statuunt.
802 1964 1006 2060 -Itaque
1033 1969 1178 2037 tentata
1207 1963 1334 2038 ultimo

211 2099 342 2176 conatu
363 2073 649 2189 oppugnatione,
678 2098 874 2189 postquam
902 2089 996 2164 uihil
1025 2089 1264 2188 se-proficere
1283 2089 1336 2162 vi-

211 2218 316 2308 dent,
344 2217 505 2293 vastatis
532 2218 645 2312 longe
671 2218 822 2314 lateque
840 2216 986 2308 linibus,
1024 2215 1217 2291 obsidione
1241 2214 1336 2290 desi·

211 2349 320 2437 stunt,
358 2342 578 2439 amissisque
616 2363 766 2416 suorum
793 2342 971 2440 plurimis,
1008 2349 1164 2440 accepta
1199 2364 1335 2437 magna

209 2469 327 2559 clade,
346 2468 479 2543 itinere
496 2470 609 2565 fugae
622 2468 734 2543 simili
744 2468 958 2546 abscedunt
979 2467 1099 2560 Quam
1119 2491 1208 2558 rem,
1224 2471 1331 2565 piae-

210 2595 561 2690 terLugasiensium
580 2595 618 2669 in
637 2596 851 2672 suburbana
860 2594 1191 2672 Tdmdsvariensia
1206 2615 1333 2668 excur-

211 2722 361 2812 sionem,
381 2729 419 2795 et
437 2721 508 2796 boc
525 2745 600 2797 uon
617 2744 747 2819 parum
767 2721 917 2814 adiuvit,
946 2721 1044 2820 quod
1072 2741 1116 2796 co
1143 2741 1334 2819 propemo-

211 2847 293 2923 dum
311 2850 629 2925 momentoBassa
647 2858 844 2948 acceperat
863 2872 904 2925 se
925 2849 1079 2942 deiecto,
1099 2871 1232 2924 novum
1250 2869 1333 2944 pro-

210 2972 398 3050 consulem
415 2973 454 3048 in
473 2975 553 3050 dies
572 2973 784 3062 adventare,
805 2997 879 3071 qua
914 2973 1049 3049 iniuria
1081 2972 1333 3046 vehementis·

209 3100 299 3174 sime
318 3107 531 3186 commotus,
549 3091 850 3199 nesuo'perioulc
869 3100 1028 3174 alienam
1039 3099 1196 3197 gloriam
1217 3120 1328 3194 qnae·

209 3234 317 3314 reret,
336 3227 460 3300 soluta
478 3226 671 3302 confestim
690 3226 894 3318 obsidione,
923 3234 1060 3324 quanta
1087 3225 1207 3323 potuit
1236 3222 1330 3299 cele·

209 3351 315 3426 ritate
336 3351 479 3425 domum
506 3351 635 3446 rediit;
672 3353 824 3428 multum
852 3373 1093 3449 conquerens,
1124 3358 1197 3426 tam
1226 3372 1333 3448 prae·

210 3477 346 3552 clarum
366 3476 511 3551 virtutis
540 3477 791 3553 ostendendae
818 3501 985 3576 campum
1015 3477 1220 3575 importuno
1249 3497 1333 3551 suc·

174 3640 182 3659 ·
209 3602 368 3677 cessoris
378 3602 540 3678 adventu
549 3602 803 3702 sibipraeripi.
815 3604 1164 3701 Princeps,cognitc
1176 3600 1333 3676 hostium

209 3726 384 3818 discessu,
406 3729 574 3826 quamvis
587 3727 789 3828 liberatam
807 3729 1008 3828 ,obsidione
1028 3729 1186 3828 Lippam
1206 3727 1329 3816 sciret,

207 3860 327 3927 tamen
364 3851 455 3927 nibil
492 3852 537 3928 de
574 3853 766 3930 eeleritate
801 3837 1060 3931 remittendum
1096 3851 1333 3940 existimavit,

208 3976 407 4077 eodemque
429 3978 569 4076 impetu
587 3979 746 4078 Lippam
775 3980 972 4056 contendit.
1002 3975 1192 4074 Georgius
1220 3984 1323 4052 tanto

206 4104 365 4200 periculo
384 4105 576 4198 liberatus,
595 4113 633 4180 ct
651 4130 723 4183 non
742 4108 861 4183 solum
880 4113 1127 4203 recuperatae
1147 4126 1170 4177 a
1189 4103 1328 4179 Turcis

207 4229 363 4328 Lippae,
378 4230 446 4306 sed
464 4231 575 4307 etiam
594 4240 768 4308 servatae
780 4232 1183 4333 defensaequebonore
1194 4232 1327 4325 laetus,

207 4377 284 4430 cnm
303 4356 501 4455 explicatis
520 4378 668 4432 suornm
688 4359 896 4455 agminibus
908 4351 1229 4458 obviamssPriucipi
1242 4379 1325 4454 pro·

207 4478 310 4554 cedit.
359 4469 917 4584 Honorificentissime'exeepit
945 4507 1026 4561 eum
1055 4480 1255 4579 Princeps,
1294 4489 1332 4557 et

207 4627 284 4679 eum
311 4607 502 4682 abienuio
531 4633 624 4704 eum,
652 4619 779 4708 totque
806 4611 973 4688 victoriis
1003 4633 1074 4684 nou
1095 4608 1263 4692 vidisset,
1291 4609 1329 4684 in

207 4728 403 4828 conspectu
421 4734 611 4810 ambarum
633 4738 822 4836 copiarum
841 4745 1007 4815 amanter
1022 4758 1103 4813 eum
1114 4737 1328 4834 complexus
