3625 5534
682 487 880 555 tsrsnurlr.
1264 495 1346 563 XIX

91 629 92 668 ³
223 659 444 770 ttsponttirll
469 671 578 752 uerte
595 660 705 750 selu·
726 668 827 776 luunt
856 689 1046 769 snsgyn
1076 672 1138 772 tog
1166 667 1347 775 retornlit

91 797 92 810 ¹
220 791 372 874 srnnsl
400 785 606 895 szulstgu,
636 817 656 874 s
683 795 953 899 egysuersnlnt
981 795 1070 876 atos
1098 789 1344 899 lounijirilnt

91 989 92 998 Ν
217 939 313 1022 sngy
331 913 561 1025 nrnlttlsst
581 921 785 1026 igyeleuett
802 923 845 1006 ts.
865 925 890 1002 S
911 925 1033 1001 ebben
1051 931 1075 1000 o
1094 929 1178 1028 ugy
1192 928 1272 1028 jort
1290 929 1339 1023 el,

218 1049 324 1151 hogy
363 1076 386 1125 a
421 1052 606 1129 Verbltczi
643 1053 912 1154 torvenyerejll
937 1051 1148 1154 szabtlyait
1176 1081 1199 1127 a
1217 1055 1340 1130 romei

212 1176 457 1274 jogrendszer
474 1178 586 1251 sortn
605 1177 705 1272 adta,
726 1177 773 1252 de
792 1177 962 1279 folyvtst
982 1202 1005 1250 a
1034 1177 1340 1281 thyeslronyv·

91 1405 92 1410 Ἰ
214 1329 263 1394 re,
284 1302 518 1406 helyenkent
536 1331 559 1380 a
578 1303 649 1378 kir.
670 1302 997 1406 vegzemtnyekre
1025 1305 1057 1379 is
1076 1305 1337 1407 figyelmezve,

91 1459 92 1500 l
216 1429 425 1505 mindenutt
442 1431 557 1531 pedig
574 1458 598 1506 a
615 1431 733 1506 romei
747 1433 818 1532 jog
835 1430 1114 1520 ertelmezeseit
1135 1436 1194 1507 stt
1213 1434 1339 1509 ennek

217 1555 388 1632 sanotitit
406 1557 437 1630 is
458 1558 552 1632 mint
571 1558 698 1658 alapot
727 1557 828 1633 elttre
859 1560 1051 1653 bocsttva,
1082 1586 1100 1634 e
1128 1587 1151 1635 a
1178 1587 1342 1665 magyar

211 1683 278 1782 jog
297 1681 390 1757 tltal
419 1683 478 1758 eltt
506 1710 593 1759 nem
621 1685 732 1760 lttott
761 1685 924 1760 eseteket
951 1687 1111 1760 artmai
1130 1687 1267 1762 snerint
1283 1689 1339 1762 in·

215 1811 320 1882 terve
336 1808 383 1884 el.
405 1811 500 1885 Nem
519 1810 743 1910 tagadhatni
762 1810 882 1912 hogy,
913 1812 982 1886 btr
1005 1838 1029 1885 a
1046 1813 1166 1887 rtmni
1189 1814 1338 1913 jognuls

217 1961 233 2008 s
250 1963 328 2039 egy
349 1937 544 2013 codifictlt
570 1938 957 2041 torvenyreformnalr
975 1938 1088 2013 Deosi
1106 1939 1235 2015 beutat
1253 1968 1339 2016 nem

216 2062 462 2156 szerezhetett,
499 2066 587 2164 meg
606 2068 637 2140 is
658 2092 700 2140 az
726 2063 1017 2141 tsszelrusonlltt
1056 2067 1095 2139 es
1132 2065 1338 2166 kiegeszttd

214 2188 407 2292 ttrgyalts
426 2189 517 2264 tltal
537 2215 560 2264 a
578 2215 745 2290 magyar
758 2189 980 2289 jogeszmek
998 2188 1108 2264 koret
1135 2199 1339 2266 tetemesen

216 2317 413 2410 bitvltette,
433 2315 633 2392 sazoknak
644 2317 696 2416 eij,
717 2317 984 2418 tudomonyos,
1006 2315 1135 2416 alapot
1150 2315 1334 2414 vetett⁴¹).

319 2545 366 2634 ⁴¹)
390 2549 559 2615 Selmeizel
592 2546 813 2632 ,Bibliotheca
842 2539 1051 2634 Hungsuiee“
1085 2551 1172 2614 ctmll
1202 2548 1339 2615 kezirsti

214 2657 440 2745 muuktjtben,
456 2657 540 2723 Sect.
555 2657 581 2722 Ι.
597 2657 699 2723 Closs.
711 2657 801 2725 VIII.
818 2679 839 2722 a
855 2656 884 2722 l.
900 2655 1000 2736 §ban
1016 2660 1085 2721 ints
1101 2655 1222 2722 iteletet
1237 2656 1337 2722 hellot

214 2787 230 2828 e
241 2764 324 2850 jeles
340 2764 511 2830 munlrtrol
528 2789 536 2828 :
562 2765 621 2850 „In
637 2776 791 2851 quantum
803 2764 878 2829 Iura
894 2763 1081 2850 Hungarica
1101 2765 1134 2828 in
1151 2763 1338 2865 'tripartito'

214 2894 281 2935 cum
302 2873 376 2936 lure
402 2871 498 2938 Civili
513 2882 545 2937 et
571 2873 736 2939 canonico
752 2873 898 2937 Romano
923 2872 1134 2955 conveniant3
1164 2881 1220 2935 out
1237 2885 1277 2938 ex
1296 2875 1337 2937 iis

212 2991 360 3066 tunquam
387 2979 527 3045 fontibus
553 2979 782 3066 profluxerint3
806 2978 945 3065 denique
971 2977 1074 3064 qualis
1099 2989 1131 3043 et
1146 2988 1268 3065 quanta
1282 3005 1336 3067 po·

212 3087 349 3170 regrinis
381 3085 443 3151 illis
469 3086 598 3153 Iuribus
622 3086 804 3152 adhucdum
830 3089 864 3152 in
894 3089 1063 3173 Hungaria
1089 3090 1130 3152 sit
1154 3088 1336 3188 auctoritas,

211 3193 406 3280 disputatum
425 3202 457 3259 et
481 3194 654 3282 aliquando
679 3198 761 3260 inter
776 3196 887 3262 doctos
919 3195 1019 3261 fuisse
1034 3205 1169 3261 constet
1199 3196 1336 3279 Primus,

211 3304 262 3388 qui
278 3304 312 3366 in
327 3302 389 3368 hoc
405 3316 591 3390 argumento
617 3307 702 3372 vires
718 3329 792 3370 suas
812 3304 994 3392 periclitere
1013 3304 1123 3386 voluit,
1148 3304 1198 3370 Io.
1214 3305 1336 3371 Decius

210 3409 275 3492 luit,
304 3409 479 3496 Hungarus
494 3435 514 3477 a
530 3421 633 3478 tractu
657 3413 854 3499 Hungariae,
879 3413 915 3481 lu
940 3435 1003 3499 quo
1028 3412 1117 3477 loeus
1133 3411 1249 3477 natulis
1265 3414 1334 3478 eius

210 3519 351 3604 contigit,
375 3519 533 3600 Burovius
558 3520 670 3603 dictus,
695 3525 747 3588 oui
774 3520 948 3586 debemus:
963 3522 1143 3609 Syntegme
1158 3520 1333 3587 Institutio·

210 3649 284 3692 num
312 3637 345 3692 et
371 3627 454 3692 luris
477 3627 657 3715 Imperiulis
682 3639 714 3694 et
737 3630 926 3716 Hungarici.
952 3628 1279 3717 claudiopot.1593.
1303 3628 1333 3694 4.

209 3735 410 3800 Praefatione
440 3739 619 3824 praemissa
650 3739 853 3803 occasionem
878 3739 1021 3825 suscepti
1058 3737 1179 3803 laboris
1208 3737 1333 3825 plenius

209 3851 347 3923 enarret,
362 3865 401 3908 ac·
417 3844 492 3910 inde
508 3845 658 3911 Methodo
674 3844 837 3910 Tabelluri
861 3845 1099 3912 Institutionum
1124 3845 1248 3911 Titulos
1263 3867 1333 3931 pro-

207 3951 305 4036 ponit,
332 3959 365 4014 et
380 3973 438 4037 per
454 3953 656 4038 quaestiones
683 3952 831 4037 resoluit3
858 3963 890 4017 et
906 3976 989 4039 quae
1005 3955 1037 4018 in
1054 3954 1129 4019 lure
1146 3953 1332 4038 Hungerise

208 4057 385 4124 conformia
409 4059 476 4124 luri
501 4059 644 4126 Romano
670 4084 740 4126 esse
765 4071 863 4148 putet,
891 4061 1013 4127 edocet
1038 4061 1134 4126 Circa
1161 4061 1257 4125 linem
1273 4081 1333 4124 sex

207 4165 379 4232 Centurius
396 4169 557 4234 variarum
569 4169 650 4235 luris
666 4169 862 4255 Regularum
878 4179 910 4234 et
920 4169 1157 4236 Sententiarum
1167 4188 1209 4234 ex
1225 4167 1332 4255 Scrip-

208 4283 279 4338 tura
294 4273 339 4362 S,
355 4273 428 4340 Iure
453 4275 608 4361 Romano,
638 4275 812 4360 Canonico,
828 4279 874 4343 uti
898 4299 942 4342 ex
957 4276 1137 4359 Aristotele,
1168 4275 1334 4360 Cicerone,

205 4379 339 4468 aliisque
356 4384 575 4471 scriptoribus,
608 4384 813 4473 depromptas
839 4384 966 4450 adiecit
996 4383 1068 4464 Quo
1093 4383 1203 4450 labore
1218 4383 1252 4451 id
1267 4386 1333 4472 egit

206 4489 336 4572 Auctor,
360 4489 440 4556 sliss
465 4493 595 4557 omnino
620 4492 742 4578 doctus,
767 4501 802 4557 ut
826 4516 868 4558 ex
893 4493 992 4558 nimia
1015 4494 1049 4557 in
1073 4491 1128 4558 lus
1152 4493 1331 4559 Romsnum

205 4599 425 4684 propensione,
451 4600 550 4665 multa
564 4600 693 4667 obtorto
710 4603 802 4687 quasi
818 4599 908 4678 collo,
926 4599 1001 4665 lmie
1020 4623 1078 4666 suo
1092 4600 1174 4667 libro
1190 4603 1333 4687 ingesse-

1142 4745 1179 4812 b*
