3625 5534
504 549 553 599 os
580 548 662 600 mos.
685 547 769 600 vrrs.
791 548 874 600 nnc.
894 550 929 602 x.
948 551 982 602 n.
1001 551 1051 601 rx.
1279 530 1355 607 231

224 723 307 798 bius
335 724 447 821 paulo
477 744 739 822 supraarcem
769 725 892 823 spatio
923 724 1118 802 divortium
1152 727 1191 802 in
1209 729 1358 826 gemina

224 847 304 944 agit
321 848 489 942 brachia,
510 871 663 946 quorum
682 873 771 948 pars
791 851 978 943 nonnulla,
1007 875 1102 948 quae
1131 854 1220 929 iusti
1237 853 1354 929 flumi-

223 971 282 1047 nis
302 975 465 1071 speciem
495 976 620 1068 refert,
645 983 783 1052 terram
813 976 965 1051 duorum
983 978 1151 1073 iugerum
1170 979 1351 1076 magnitu-

228 1097 313 1172 dine
332 1100 511 1194 ambiens,
532 1123 733 1199 rursusque
761 1103 929 1178 inunum
954 1105 1098 1178 alveum
1128 1104 1287 1181 refluens
1307 1105 1360 1185 in.-

224 1225 345 1299 snlam
373 1227 571 1303 constituit.
618 1231 679 1303 Ita
707 1250 777 1325 quo
814 1229 896 1302 loco
925 1228 1045 1304 undae
1072 1229 1111 1304 in
1139 1253 1181 1305 se
1211 1239 1352 1312 'coeunt

225 1349 304 1424 illio
323 1374 391 1426 arx
419 1376 441 1427 a
462 1350 638 1450 Georgio,
667 1354 720 1428 uti
738 1356 870 1446 ferunt,
898 1354 1069 1451 Despota
1088 1362 1288 1447 exstructa,
1314 1381 1358 1432 ac

230 1477 338 1573 aquis
357 1477 447 1552 Istri
465 1479 625 1584 undique
643 1478 868 1553 circumdata
878 1479 1044 1575 emergit,
1065 1503 1133 1555 nec
1154 1481 1226 1555 nisi
1245 1488 1357 1578 ponte

230 1602 324 1676 adiri
352 1610 496 1699 potest,
535 1627 606 1701 quc
636 1604 979 1706 superato,decem
1008 1603 1155 1680 circiter
1182 1627 1359 1703 passuum

234 1729 355 1826 spatio
374 1737 497 1804 terrae
518 1729 723 1820 interiecto,
753 1732 847 1804 alter
875 1751 970 1828 pons
998 1730 1034 1803 in
1063 1730 1146 1827 ipso
1168 1731 1266 1805 Istro
1295 1756 1358 1806 ex-

233 1861 406 1948 structus,
434 1855 559 1952 priore
587 1855 715 1947 maior,
752 1857 869 1954 ipsius
898 1857 996 1930 arcis
1024 1855 1223 1931 reducibus
1248 1863 1359 1954 atque

234 1981 348 2056 muris
369 1982 587 2058 annectitur.
608 1981 668 2056 Ad
687 1983 758 2058 hoc
767 1982 927 2076 Barbari
947 1981 1068 2058 studio
1080 1981 1262 2057 evadendi
1281 2005 1359 2058 oer-

231 2107 336 2182 tatim
365 2116 624 2198 accurrerunt,
663 2119 700 2184 et
728 2109 811 2183 dum
841 2109 997 2206 quisque
1027 2110 1182 2184 alterum
1211 2107 1360 2206 praeire

232 2242 394 2316 conatur,
415 2241 541 2310 tantas
560 2236 699 2333 inipso
719 2244 831 2334 ponte
851 2237 981 2310 turbas
1007 2235 1224 2328 excitarunt,
1252 2241 1293 2308 nt
1312 2234 1361 2308 ad

233 2383 336 2435 arma
382 2361 620 2437 devenientes
660 2385 745 2437 sese
781 2362 937 2436 invicem
966 2358 1215 2436 confoderent.
1253 2358 1362 2434 Multi

233 2484 312 2561 sive
331 2487 481 2562 natandi
500 2488 634 2585 peritia
652 2488 748 2576 freti,
778 2488 858 2562 sive
876 2487 989 2562 etiam
1017 2483 1279 2585 desperatione
1299 2505 1358 2560 sa·

235 2611 323 2688 lutis
344 2615 428 2708 acti,
453 2613 489 2687 in
509 2611 751 2711 profluentem
770 2614 1011 2702 desiluerunt,
1040 2612 1192 2708 eiusque
1212 2609 1367 2707 gurgiti·

236 2738 305 2813 bus
318 2740 504 2838 absumpti
514 2741 699 2816 interiere.
719 2741 857 2837 Magno
868 2746 993 2815 tamen
1003 2738 1184 2814 Barbaria
1196 2736 1361 2812 subsidio

234 2865 329 2940 carri
349 2888 495 2965 quoqne
514 2868 627 2961 fuere,
645 2868 874 2964 quibussese
895 2865 949 2941 ita
967 2865 1127 2962 undique
1139 2863 1359 2960 circumsep-

235 2999 371 3084 serant,
399 3000 439 3066 ut
458 3001 653 3089 equestres
674 2991 803 3089 copiae
822 3012 896 3064 non
905 2990 1017 3065 facile
1027 2988 1074 3064 ad
1084 3009 1150 3064 eos
1160 2994 1359 3085 penetrare

237 3125 401 3216 possent.
429 3116 535 3210 Quae
555 3119 639 3193 dnm
657 3118 695 3192 in
713 3119 810 3194 hunc
829 3117 975 3193 modum
994 3117 1042 3191 ab
1062 3112 1363 3190 antecursoribus

239 3251 433 3339 geruntur,
453 3243 599 3319 interim
620 3244 802 3343 Princeps
822 3267 902 3320 cum
922 3249 1000 3319 toto
1021 3242 1155 3317 robore
1174 3240 1360 3316 exercitus

238 3369 351 3461 affuit,
372 3393 554 3467 quumque
584 3371 917 3462 animadvertisset,
936 3368 1075 3445 nullum
1104 3366 1267 3465 equitnm
1285 3365 1363 3443 illie

237 3516 342 3570 usum
361 3518 458 3588 esse,
475 3497 574 3571 illico
595 3498 789 3595 pedestres
809 3497 937 3595 copias
952 3495 1154 3597 praemisit,
1174 3517 1361 3591 qnaeper·

237 3621 385 3699 turbato
405 3625 596 3701 confestim
617 3646 806 3700 carrorum
827 3623 968 3716 ordine,
998 3647 1043 3698 ac
1061 3622 1233 3697 citeriore
1251 3627 1363 3717 ponte

242 3758 427 3848 superato,
458 3757 596 3825 tantam
616 3758 784 3848 stragem
803 3751 964 3842 edidere,
982 3758 1022 3825 ut
1040 3745 1235 3823 Danubius
1254 3744 1363 3819 cada-

238 3875 388 3951 veribus
408 3877 603 3970 hominum,
623 3874 799 3973 equorum
827 3886 865 3954 et
883 3876 1105 3951 camelorum
1124 3873 1177 3946 ita
1195 3868 1364 3967 opplere·

239 4011 308 4096 tur,
336 4011 377 4080 nt
395 4005 427 4078 si
448 4003 510 4102 qni
528 4026 662 4101 aquam
690 4003 840 4078 haurire
866 4004 1017 4093 vellent,
1047 4022 1128 4073 eam
1150 4003 1214 4071 ant
1229 3994 1366 4070 iumen·

240 4138 359 4206 torum
397 4134 461 4204 ant
492 4128 653 4203 virorum
689 4127 935 4203 cadaveribus
973 4122 1178 4200 insistendo
1214 4119 1366 4194 haurire

241 4261 471 4354 cogerentur.
500 4256 559 4330 Ea
578 4278 619 4330 re
648 4255 730 4331 visa
750 4255 922 4347 Barbari,
943 4276 991 4327 ex
1008 4248 1183 4327 ulteriore
1203 4245 1367 4320 Danubii

241 4383 323 4482 ripa
351 4381 541 4458 machinas
568 4382 607 4458 in
634 4389 784 4457 nostros
810 4382 1018 4475 intendunt;
1048 4377 1115 4452 sed
1144 4397 1224 4450 cum
1252 4369 1365 4447 rudes

242 4509 321 4586 eius
340 4508 434 4584 artis
454 4518 590 4602 essent,
620 4531 833 4606 summaque
862 4507 1022 4583 fluminis
1042 4502 1236 4580 latitudine
1253 4499 1367 4596 impe·

242 4633 415 4728 ditentur,
426 4635 563 4711 nullum
573 4635 719 4711 omnino
729 4635 868 4711 nostris
877 4631 1143 4709 incommodum
1154 4626 1366 4703 attulerunt.

243 4759 371 4841 Nostri
391 4785 480 4838 vero
500 4787 545 4837 ex
575 4763 744 4838 citeriore
770 4761 934 4837 fluminis
962 4766 1069 4859 parte
1097 4757 1135 4832 in
1163 4753 1367 4830 confertam
