3625 5534
525 525 573 579 nn
593 527 673 582 ana
695 523 778 580 vnc.
801 523 883 575 nnc.
904 523 940 574 x.
962 524 995 574 n.
1015 522 1064 576 rx.
1287 495 1365 577 ‘205

241 715 414 804 tanquam
433 704 561 779 fratris
581 705 651 779 mei
671 697 1142 778 HieremiasPalatr‘natum
1153 698 1364 774 Moldaviae

245 833 412 924 retineat,
443 829 538 926 quod
567 830 675 904 etiam
695 808 819 903 statim
845 827 892 902 ad
912 847 1087 922 magnum
1097 827 1363 922 Imperatorem

244 959 447 1033 Turcarum
466 955 676 1053 perscripsi.
707 951 848 1044 Quodsi
879 951 992 1047 igitur
1012 972 1232 1026 consensum
1250 949 1299 1023 ad
1317 972 1364 1024 ca

244 1083 471 1181 praebueris,
491 1105 586 1177 quac
605 1103 673 1155 nos
691 1079 752 1154 hic
772 1100 851 1153 oum
872 1075 1110 1153 Cancellario
1122 1075 1362 1167 decrevimus,

243 1217 325 1284 tunc
355 1230 493 1283 mecum
521 1215 558 1280 et
585 1207 809 1280 cumfratre
840 1227 922 1278 meo
948 1202 1155 1298 ceterisque
1193 1200 1362 1276 omnibns

245 1334 331 1408 belli
372 1333 523 1408 ducibus
561 1356 605 1407 ac
632 1329 772 1406 Murnis
809 1337 959 1405 aeterno
996 1339 1163 1428 tempore
1200 1350 1362 1405 amorem

243 1459 445 1533 fraternum
465 1455 719 1532 conciliabitis.
740 1455 805 1530 Sin
825 1463 948 1530 autem
967 1453 1149 1531 Korakoe
1170 1478 1244 1530 non
1264 1454 1362 1529 dele·

244 1583 381 1674 veritis,
410 1591 495 1658 tune
517 1605 584 1655 vos
603 1605 671 1656 nec
688 1581 853 1674 iurando,
881 1605 951 1655 nec
969 1581 1089 1677 pactis
1109 1567 1361 1655 satisfacietis.

245 1709 347 1783 Haeo
376 1708 629 1784 mandavimus
658 1707 803 1803 Legato
833 1707 940 1781 fratri
977 1714 1105 1781 nostro
1134 1703 1360 1781 Gravarme·

248 1843 375 1930 tegrae
394 1833 463 1908 tibi
483 1832 708 1932 exponenda,
730 1837 836 1929 quem
856 1841 895 1907 ut
914 1833 1073 1928 benigne
1092 1833 1272 1929 accipere,
1300 1831 1361 1904 do·

244 1982 361 2057 neque
381 1982 448 2058 per
468 1982 549 2036 eum
568 1957 675 2032 nobis
694 1957 944 2033 transmittere
963 1956 1068 2050 velis,
1090 1966 1168 2032 ate
1193 1958 1361 2052 petimus.

244 2085 371 2181 Neque
391 2085 485 2158 enim
505 2084 614 2159 alium
632 2084 705 2158 iam
725 2083 795 2157 hoc
814 2107 911 2158 anno
940 2083 1133 2158 mittemus.
1181 2083 1284 2157 Data
1312 2080 1362 2153 ad

242 2207 372 2283 flumen
392 2207 553 2298 Prutum,
575 2207 681 2282 Anno
693 2207 914 2282 Mabumetis
935 2204 1135 2282 Millesimo
1155 2204 1217 2280 lV.
1235 2227 1359 2279 mense

244 2333 405 2409 Octobri.

581 2759 755 2840 CAPVT
784 2761 1013 2840 SEXTVM.

246 2943 298 3014 De
321 2943 543 3038 enpreditione
561 2939 789 3040 Sipismacdi
810 2943 1004 3040 Principis
1023 2955 1152 3017 contra
1184 2939 1367 3018 Siracorum

420 3077 594 3162 accepta,
617 3067 839 3166 collectisque
857 3069 941 3143 bico
960 3069 1045 3142 inde
1065 3070 1189 3164 copiis.

347 3209 517 3284 Diximus
538 3218 646 3308 capta
665 3210 786 3309 Lippa
805 3218 843 3287 et
863 3209 980 3308 copiis
989 3210 1075 3285 hinc
1092 3210 1178 3286 inde
1188 3211 1365 3305 collectis,

247 3331 453 3432 Principem
474 3333 574 3409 Alba
593 3332 689 3410 Iulia
708 3335 775 3411 VI.
799 3333 879 3411 Cal.
899 3332 1132 3436 Septembris
1152 3360 1234 3413 enm
1253 3336 1365 3413 omni-

245 3459 312 3534 bus
331 3459 598 3556 impedimentis
618 3461 839 3554 excessisse,
860 3470 897 3536 et
926 3461 974 3536 ad
1002 3463 1175 3561 oppidum
1204 3463 1365 3539 Fckcte-
1460 3481 1473 3516 ⁸

246 3581 366 3659 halom
386 3592 511 3659 castra
529 3585 702 3684 posuisse
723 3586 793 3661 hoc
812 3587 970 3662 maxime
991 3589 1126 3682 studio,
1147 3597 1187 3664 ut
1209 3587 1364 3665 Germa-

246 3731 371 3784 norum
410 3711 593 3805 subsidia,
623 3718 841 3810 ceterasque
868 3713 1083 3810 provinciae
1120 3713 1251 3812 copias
1287 3710 1364 3787 illic

245 3843 466 3932 expectaret.
487 3835 685 3912 Advenere
703 3837 817 3933 igitur
836 3862 880 3914 eo
899 3837 1080 3937 imprimis
1102 3838 1231 3934 copiae
1243 3835 1362 3912 Vara-

243 3960 413 4036 dinenses
441 3958 632 4059 Stephano
660 3961 849 4038 Bocrkaio
884 3963 996 4055 duce,
1026 3963 1088 4060 qui
1125 3961 1360 4058 octingentos

243 4085 384 4182 equites
412 4093 450 4160 et
476 4087 627 4164 totidem
655 4089 802 4165 circiter
834 4089 979 4187 pedites
1017 4088 1215 4182 eduxerat,
1253 4109 1361 4183 quem

242 4212 348 4308 paulo
367 4219 453 4309 post
472 4221 509 4288 et
527 4211 738 4311 Stephanus
759 4214 993 4291 Hofmannus
1020 4212 1193 4310 Vajvoda
1221 4209 1360 4285 Molda-

242 4337 322 4411 viae
341 4361 422 4412 cum
443 4339 740 4437 splendidissimo
760 4341 925 4438 equitatu
943 4341 1048 4414 iuxta
1068 4361 1113 4412 ac
1122 4338 1300 4436 peditatu,
1319 4345 1360 4413 ut

244 4461 410 4554 diximus,
430 4465 650 4540 subsecutus
669 4467 748 4542 fuit.
769 4467 927 4542 Miserat
937 4465 1116 4563 Princeps
1136 4464 1361 4563 subtempns

243 4589 447 4684 nuptiarum
485 4589 532 4663 ad
578 4591 867 4666 Maximilianum
905 4590 1151 4665 Archiduoem
1184 4587 1359 4665 Austriae

243 4709 461 4810 Gregorium
491 4712 688 4808 Csdkium,
717 4717 832 4792 virum
864 4739 998 4810 magno
1035 4717 1117 4792 loco
1156 4725 1280 4791 natum
1313 4736 1358 4786 ac
