3625 5534
490 473 566 550 218
889 498 937 547 10.
958 497 1056 546 onon
1075 497 1223 547 nsnovn

486 679 630 748 noctem
667 673 868 748 insomnem
906 671 1027 761 ducit,
1066 679 1104 745 et
1139 671 1308 745 lustratis
1345 691 1605 767 usquequaque

465 798 648 889 'aciebus
686 821 813 875 omnes
832 800 928 874 bono
949 798 1070 874 animo
1090 819 1174 871 esse
1192 796 1305 887 iubet,
1343 791 1490 871 iamiam
1510 795 1604 868 visu·

487 947 550 999 ros
569 925 689 999 Deum
710 925 787 1000 suis
806 924 951 1016 adesse,
978 924 1107 1020 suique
1126 922 1282 998 nominis
1307 921 1464 1019 gloriam
1483 927 1607 994 contra

485 1052 676 1148 profanam
716 1051 982 1126 multitudinem
1012 1049 1221 1125 defendere.
1260 1048 1363 1125 Idem
1401 1046 1605 1146 Stephanus

484 1177 651 1252 Boozkci
693 1175 883 1273 generalis
930 1175 1117 1273 copiarum
1164 1175 1272 1265 Dux,
1331 1174 1428 1247 idem
1466 1169 1605 1269 Caspar

485 1304 643 1395 Kornis,
665 1309 703 1377 et
722 1303 787 1377 alii
807 1303 989 1401 primores
998 1299 1213 1391 nobilitatis,
1233 1307 1381 1397 sumpta
1393 1298 1498 1404 prius
1509 1321 1605 1373 reve·
1725 1284 1726 1375 J

484 1435 608 1504 renter
627 1429 797 1504 aloanne
815 1427 1010 1525 Ungvario
1030 1426 1288 1503 concionatore
1298 1426 1455 1501 Albensi
1466 1425 1604 1500 Eucha-
1725 1412 1726 1421 ¹

484 1553 600 1642 niella,
629 1553 763 1647 fecere,
792 1555 894 1629 etad
915 1576 1041 1630 omnes
1072 1554 1186 1628 futuri
1213 1559 1367 1628 eventus
1396 1552 1605 1626 occasiones
1725 1538 1726 1567 ³

480 1678 612 1754 intenti
632 1701 727 1754 esse.
757 1678 954 1754 Multitudo
977 1678 1072 1754 enim
1092 1678 1303 1769 castrensis,
1324 1701 1405 1753 eum
1424 1679 1552 1756 hostes
1570 1680 1604 1754 in

481 1805 689 1904 propinquo
709 1802 843 1879 adesse
862 1810 1020 1903 putaret,
1050 1804 1181 1902 panico
1202 1803 1353 1901 saepius
1373 1803 1535 1880 clamore
1561 1807 1603 1880 ad

481 1951 586 2004 arma
614 1929 921 2005 conclamaverat.
963 1927 1144 2027 Princeps
1181 1928 1294 2022 igitur
1332 1937 1519 2026 sequente
1549 1930 1603 2004 die

480 2061 560 2130 orto
580 2055 653 2130 iam
674 2052 765 2146 sole,
785 2054 932 2150 signum
951 2055 1042 2128 tuba
1061 2053 1143 2128 dari
1162 2054 1274 2146 iubet,
1295 2052 1449 2151 acieque
1467 2055 1602 2131 ineum

479 2180 542 2255 ubi
571 2179 732 2254 hostium
751 2180 899 2254 fuerant
918 2187 1055 2271 castra,
1076 2179 1196 2254 locum
1214 2179 1394 2277 pervenit.
1432 2177 1508 2256 Sed
1528 2205 1600 2257 cum

479 2305 622 2382 videret
640 2306 833 2380 Barbaros
853 2303 941 2379 inde
969 2304 1123 2402 fugisse,
1151 2303 1307 2379 insidias
1325 2305 1477 2399 veritus,
1497 2308 1601 2386 omnir

480 2434 550 2507 bns
570 2431 729 2528 vigilare
747 2430 874 2524 iussit;
897 2453 977 2506 eam
998 2451 1153 2529 quoque,
1173 2453 1269 2526 quae
1288 2437 1504 2524 secutaest,
1524 2455 1600 2507 noc·

474 2565 549 2632 tem
567 2557 606 2630 in
634 2557 746 2631 armis
773 2555 967 2652 transegit.
1002 2555 1099 2646 Quia
1120 2577 1210 2630 vero
1230 2553 1392 2631 Sinanus
1411 2564 1499 2632 ante
1517 2581 1599 2656 pau-

478 2704 541 2757 cos
580 2682 672 2776 dies,
720 2679 1011 2781 Transylvanioi
1039 2689 1243 2781 apparatus
1269 2680 1417 2758 minime
1453 2707 1599 2780 gnarus,

477 2809 624 2904 iamque
654 2807 846 2882 victoriam
876 2807 914 2880 in
937 2806 1107 2883 manibus
1135 2828 1178 2880 se
1205 2805 1344 2882 habere
1372 2815 1487 2901 ratus,
1516 2830 1597 2883 suos

476 2935 817 3024 commonefecerat‚
838 2933 947 3018 seed
976 2930 1128 3008 XVum
1147 2932 1269 3009 adhue
1287 2933 1383 3009 diem
1402 2955 1542 3010 moram
1558 2958 1597 3010 eo

475 3063 557 3139 loco
581 3061 773 3172 facturum,
793 3083 862 3134 nec
878 3059 1023 3134 interea
1053 3067 1177 3134 castra
1204 3069 1404 3134 moturum:
1423 3061 1509 3137 ideo
1527 3062 1596 3136 fae

362 3195 366 3202 “
474 3195 548 3263 tum
569 3194 637 3278 est,
661 3194 701 3262 ut
729 3187 875 3284 plurimi
896 3186 1103 3262 Turoarum
1122 3192 1347 3260 commeatus
1371 3185 1494 3282 gratia
1521 3187 1596 3262 lon·

474 3312 559 3409 gius
579 3321 826 3388 excurrerent.
856 3311 1077 3410 Complures
1104 3311 1217 3409 igitur
1238 3335 1258 3386 e
1277 3311 1426 3407 Turcis,
1457 3313 1519 3408 qui
1537 3335 1594 3411 pa-

473 3438 636 3513 bulatum
655 3437 814 3514 interdiu
825 3440 1005 3529 exierant,
1024 3437 1106 3528 rati,
1127 3436 1303 3513 Sinanum
1324 3434 1444 3514 adhuc
1462 3437 1593 3512 ibidem

472 3563 510 3638 in
529 3563 716 3662 prioribus
736 3565 881 3652 eastris,
912 3588 1008 3662 quae
1035 3564 1109 3638 iam
1129 3589 1152 3639 a
1169 3564 1307 3639 nostris
1326 3572 1508 3662 occupata
1523 3565 1594 3638 fue·

472 3696 565 3782 rant,
594 3689 821 3781 commorari,
847 3690 883 3763 in
904 3695 1030 3764 eastra
1051 3688 1298 3786 Vngarorum
1329 3689 1436 3785 quasi
1465 3690 1503 3763 in
1531 3711 1591 3765 sua

472 3814 596 3908 delati,
638 3817 800 3917 speciem
820 3816 1095 3892 adventantium
1114 3817 1378 3908 Barbarorum,
1397 3826 1434 3892 et
1453 3818 1593 3893 iamiam

470 3942 674 4042 irrumpere
693 3943 894 4021 volentium
914 3945 1183 4042 praebuerunt:
1212 3943 1280 4019 sed
1308 3965 1389 4017 cum
1414 3967 1541 4019 errore
1558 3943 1591 4015 id

471 4067 693 4144 aBarbaris
722 4069 814 4158 lieri2
853 4093 927 4145 non
964 4068 1119 4144 consilio
1151 4068 1446 4162 animadversum
1486 4074 1591 4154 esset,

471 4193 597 4268 caesis
617 4196 875 4292 compluribus,
896 4195 959 4293 qui
978 4218 1025 4270 ea
1043 4203 1150 4270 noete
1179 4196 1306 4293 lugam
1326 4216 1477 4270 suorum
1495 4194 1592 4290 igno·

469 4327 596 4395 rantes
617 4341 661 4394 eo
682 4320 794 4396 delati
813 4321 971 4414 fuerant,
1000 4321 1110 4397 facile
1129 4323 1248 4397 nostri
1267 4322 1305 4396 in
1324 4321 1445 4395 officio
1465 4318 1593 4396 retenti

470 4453 565 4538 sunt,
584 4447 637 4522 ita
655 4455 788 4552 tamen,
822 4458 862 4526 ut
889 4458 1003 4527 totam
1033 4474 1115 4528 eam
1141 4458 1285 4527 noctem
1312 4449 1518 4523 insomnem
1536 4471 1593 4522 er·

467 4572 677 4671 pectatione
696 4574 856 4652 hostium
879 4576 1120 4652 traduxerint.
1149 4575 1477 4652 verumenimvero
1496 4580 1592 4673 post-

458 4685 576 4797 ¹qnam
597 4698 777 4800 Princeps
797 4711 877 4778 orto
907 4707 1000 4796 sole,
1030 4702 1206 4781 Sinanum
1233 4703 1325 4798 fuga
1352 4699 1425 4774 sibi
1454 4698 1590 4775 exerci-
