3625 5534
475 514 524 563 nn
546 510 627 564 nna.
648 509 733 561 uuo.
755 509 837 560 nso.
859 511 893 561 x.
916 511 948 561 n.
969 511 1006 562 n.
1248 491 1298 568 25

199 689 365 781 compesci
386 695 560 786 possent,
590 711 635 763 ea
657 687 884 784 perpetrari,
913 690 1036 786 palam
1064 689 1300 767 ostenderunt

198 808 357 888 Caesaris
376 814 579 908 interesse,
608 837 680 890 non
698 814 833 890 inultas
853 837 1000 891 suorum
1018 816 1171 892 iniurias
1190 819 1298 894 relin-

197 961 304 1033 quere.
324 937 416 1016 Cnm
434 949 558 1018 autem
576 942 699 1016 Bassa
718 940 921 1018 Bosnensis
936 945 1049 1018 tantis
1060 943 1203 1019 illorum
1223 969 1296 1019 ma·

197 1063 312 1141 iedoiis
329 1067 507 1162 irritatus,
527 1068 599 1145 etsi
608 1069 814 1146 inconsulto
833 1092 899 1145 eos
919 1067 1083 1146 Caesare
1101 1093 1298 1171 perseque-

195 1199 302 1287 retur,
330 1194 387 1269 illi
413 1197 597 1292 tingentes
620 1196 750 1294 aequis
779 1219 820 1272 se
848 1220 929 1273 oum
958 1221 1001 1273 eo
1030 1198 1297 1275 conditionibus

197 1327 446 1414 transacturos,
465 1347 511 1399 eo
530 1323 675 1400 interim
693 1329 778 1398 astu
791 1348 868 1399 rem
878 1324 1115 1419 deduxerunt,
1133 1333 1173 1402 ut
1192 1349 1298 1402 manu

197 1456 331 1544 repente
348 1449 460 1542 faeta,
478 1449 570 1526 nihil
589 1450 665 1526 tale
685 1450 894 1548 opinantem
913 1450 1026 1526 armis
1041 1473 1164 1527 seeum
1175 1453 1297 1528 deeor-

197 1596 272 1648 nere
288 1577 485 1672 coegerint,
504 1577 686 1676 iaoileqne
696 1577 890 1673 incautum,
910 1584 947 1653 et
965 1577 1104 1653 viribus
1118 1578 1296 1680 imparem

197 1703 443 1798 oppresserint.
472 1704 533 1779 Ita
551 1711 674 1780 autem
688 1703 809 1789 abiis
829 1703 1069 1801 compositum
1094 1703 1230 1799 fuisse,
1258 1712 1298 1781 nt

197 1825 315 1902 milites
332 1851 472 1923 omnes,
492 1837 529 1905 et
548 1828 688 1906 auxilia
706 1829 802 1904 elam
821 1828 967 1903 Vienna
984 1829 1022 1934 in
1032 1826 1194 1926 Styriam
1214 1831 1297 1908 snb·

197 1952 419 2049 mitterentur,
438 1955 590 2053 quaein
609 1956 701 2031 loeis
718 1954 861 2030 idoneis
880 1955 1082 2047 eollooata,
1108 1979 1188 2032 oum
1206 1979 1296 2033 usus

196 2087 366 2174 posceret,
396 2080 443 2156 de
469 2068 670 2180 improviso
700 2080 738 2155 in
766 2082 895 2157 hostes
923 2079 1123 2179 prodirent.
1155 2079 1230 2157 Sed
1249 2106 1294 2157 ne

196 2213 268 2279 aute
291 2206 525 2304 praefinitum
552 2214 696 2305 tempus
720 2205 792 2282 luae
820 2227 944 2281 eornm
972 2205 1128 2281 insidiae
1147 2206 1295 2303 detege-

196 2339 314 2424 rentur,
324 2350 467 2408 somma
476 2355 546 2429 ope
555 2332 809 2431 providebant,
829 2352 909 2408 oum
929 2332 1011 2408 aliis
1029 2334 1152 2427 rebus,
1167 2357 1294 2431 paoem

196 2481 229 2532 se
244 2458 359 2534 coiere
378 2457 596 2550 simulando,
616 2467 691 2536 tum
709 2459 747 2535 in
760 2459 888 2558 primis
908 2483 975 2558 per
985 2460 1176 2558 Legatum,
1187 2484 1294 2559 quem

195 2583 320 2660 inania
336 2583 516 2661 Caesaris
534 2565 1056 2678 alebantastntnmhominem,
1075 2586 1128 2688 ita
1147 2609 1188 2662 se
1205 2594 1295 2662 tem-

195 2711 329 2809 poribus
347 2712 636 2804 aooomodando,
654 2720 695 2788 ut
712 2714 834 2789 omnia
853 2713 1001 2812 integra
1019 2713 1090 2790 tide
1110 2736 1224 2811 agere
1243 2713 1295 2787 vi-

195 2836 359 2914 derentur.
386 2839 538 2915 Interea
555 2846 753 2939 appetente
772 2863 816 2916 eo
836 2848 1010 2939 tempore,
1030 2863 1101 2937 quo
1121 2863 1168 2914 ex
1186 2845 1295 2940 paeto

194 2963 348 3040 tributum
368 2966 417 3040 ab
427 2965 483 3040 eis
502 2966 777 3064 repraesentari
787 2968 892 3059 solet,
913 2968 1025 3042 altum
1036 2965 1170 3063 ubique
1190 2966 1235 3041 de
1251 2987 1294 3040 eo

195 3090 373 3186 silentium,
394 3100 508 3190 atque
526 3091 655 3167 eodem
672 3099 803 3167 exaoto
814 3093 1078 3191 quoqueplane
1097 3091 1199 3167 nulla
1215 3091 1294 3167 eius

195 3217 331 3310 mentio,
364 3216 437 3293 nisi
457 3216 555 3315 qnod
574 3217 835 3314 quaerentibus
852 3222 979 3292 tantae
1003 3239 1127 3292 morae
1147 3239 1295 3293 oausam

195 3339 353 3419 Caesaris
370 3343 555 3419 Ministris
574 3342 809 3442 responderit
827 3344 1010 3439 Legatos,
1031 3343 1104 3418 sibi
1122 3367 1203 3418 eam
1222 3367 1294 3418 non

194 3481 367 3565 censore,
393 3494 506 3572 posse
524 3480 647 3548 tamen
665 3495 707 3548 se
725 3480 826 3548 oerto
846 3470 1051 3563 affirmare,
1081 3473 1185 3547 brevi
1205 3473 1295 3546 alla·

193 3607 257 3673 tum
273 3600 326 3674 iri.
354 3599 498 3692 Quibus
527 3600 694 3676 omnibns
722 3623 801 3674 oum
819 3599 936 3674 verba
955 3597 1135 3673 sibi·dari
1162 3621 1296 3696 purpu-

194 3725 257 3798 rati
272 3724 448 3815 viderent,
467 3724 557 3800 dant
574 3723 755 3800 hominem
773 3723 811 3799 in
830 3722 1055 3816 custodiam,
1075 3724 1211 3798 additis
1230 3723 1295 3796 mi-

192 3850 253 3940 nis,
269 3852 333 3926 nisi
353 3851 402 3926 ad
425 3851 682 3949 praestitutum
700 3859 845 3949 tempus
862 3850 1037 3926 tributum
1054 3847 1146 3924 iilud
1165 3851 1295 3924 affera-

192 3986 260 4067 tur,
286 4003 516 4080 nequaqnam
543 3980 581 4055 id
600 4003 680 4055 eum
699 3979 846 4077 impune
864 3979 1034 4056 laturum.
1064 3978 1201 4054 Verum
1226 3965 1296 4052 hoe

193 4107 288 4182 etiam
306 4109 493 4184 desuetum
510 4129 583 4182 non
602 4107 655 4181 ita
674 4105 787 4183 multo
805 4113 912 4206 post,
931 4107 1019 4183 moti
1038 4103 1216 4200 religione
1227 4102 1295 4177 Le-

193 4239 362 4326 gatomm,
382 4232 615 4322 rescindunt,
641 4231 839 4330 inbentqne
858 4256 940 4308 eum
960 4259 982 4307 a
1001 4229 1140 4307 Sinano
1158 4227 1295 4320 vocari,

193 4357 244 4451 qui
260 4359 292 4433 ei
308 4359 494 4457 negotium
516 4357 589 4444 dat,
608 4367 649 4434 nt
668 4359 794 4433 statim
815 4360 944 4435 eodem
962 4359 998 4432 in
1016 4361 1117 4446 loeo,
1148 4355 1295 4454 seriptis

195 4481 234 4555 ad
249 4482 382 4582 Regem
402 4506 509 4558 sunm
529 4484 664 4576 literis,
685 4486 874 4578 ostendat,
895 4485 1023 4582 quoin
1041 4483 1204 4584 periculo
1222 4481 1297 4555 fue-

193 4605 248 4701 rit,
273 4613 318 4686 ob
344 4609 560 4686 tarditatem
591 4633 735 4705 eorum,
764 4611 894 4708 quibus
923 4633 1051 4686 munus
1080 4608 1172 4685 illud
1199 4607 1297 4682 def·

194 4735 281 4810 rendi
307 4737 355 4816 ad
384 4735 521 4812 Aulam
548 4733 724 4813 Caesaris
757 4737 885 4813 tributi
920 4737 1128 4834 delegatum
1153 4737 1296 4813 fuisset.
