3625 5534
445 521 523 603 292
849 548 899 603 ro.
920 549 1021 603 nncn
1045 547 1194 604 aaaovrr

446 721 589 823 Captus
608 724 705 800 enim
727 725 852 801 taedio
873 749 1052 820 curarum,
1073 751 1117 838 ao
1141 737 1292 826 praeter
1311 731 1405 806 alias
1417 754 1576 809 arcanas

445 852 625 948 quasdam
655 875 790 929 causas
815 852 995 929 immensa
1013 855 1278 951 cogitationum
1300 860 1395 933 mole
1408 859 1576 951 obrutus,

445 976 519 1054 iam
548 986 624 1053 tum
644 978 924 1077 Transylvania
944 979 1135 1074 decedere,
1165 982 1464 1082 securioremque
1493 1008 1577 1083 pro-

444 1103 601 1181 vinciam
630 1105 780 1204 assequi
809 1103 992 1202 cupiebat.
1013 1104 1121 1197 Quod
1140 1114 1180 1181 ut
1201 1107 1352 1202 iaceret,
1383 1117 1420 1186 et
1450 1111 1577 1208 deplo-

444 1229 562 1305 randa
580 1229 671 1323 eius,
691 1253 786 1327 quae
805 1238 882 1305 turn
891 1230 969 1320 fuit,
990 1252 1071 1306 cum
1081 1231 1203 1309 Maria
1214 1230 1452 1310 Christierna
1461 1259 1578 1312 uxore

446 1354 642 1450 dissensio,
661 1376 777 1450 supra
796 1378 905 1452 quam
925 1356 1094 1453 cuiquam
1115 1359 1294 1435 credibile
1314 1360 1373 1453 sit,
1393 1384 1477 1436 eum
1492 1385 1577 1438 exa·

448 1480 605 1576 gitabat.
633 1480 853 1579 Rudolphus
872 1502 961 1557 reus
979 1483 1153 1580 promissi
1174 1483 1349 1584 Opuliam
1369 1492 1407 1560 et
1420 1487 1578 1562 Ratibu·

447 1605 541 1681 riam
560 1605 595 1680 ei
614 1628 696 1680 cum
715 1606 829 1681 certis
847 1606 1027 1705 pecuniae
1045 1608 1228 1685 reditibus
1246 1609 1437 1708 promittit,
1469 1622 1507 1686 et
1534 1634 1574 1687 se

446 1729 484 1805 in
502 1730 588 1807 aliis
606 1730 719 1807 rebus
739 1754 883 1832 quoque
902 1757 926 1808 a
944 1731 1125 1814 Pontifice
1144 1735 1388 1835 impetrandis
1407 1735 1576 1813 sedulum

446 1860 528 1935 iore
547 1857 832 1935 intercessorem
850 1859 1053 1958 pollicetur.
1077 1863 1230 1939 Interim
1248 1872 1383 1958 tamem
1405 1872 1445 1941 ut
1464 1864 1575 1961 ingu-

447 1984 665 2061 bernatione
684 1984 899 2081 provinciae
927 1996 1155 2084 perseveret,
1185 1989 1296 2065 etiam
1325 1997 1437 2088 atque
1466 1990 1575 2066 etiam

445 2108 643 2189 bortatur,

913 2377 1109 2388 m..-

773 2610 951 2689 OAPVT
981 2611 1252 2706 QVARTVM.

450 2787 508 2862 De
526 2779 848 2866 Ioanneszelesoto
868 2805 982 2890 capto,
1005 2792 1221 2894 Aaroueque
1249 2793 1414 2893 Vajvodu
1434 2796 1575 2871 Moldu·

877 2920 960 2992 ciue
979 2932 1129 2994 mortue.

556 3113 738 3192 Praeerat
755 3113 898 3213 Lippae
917 3115 956 3190 id
974 3118 1161 3215 temporis,
1191 3140 1262 3214 quo
1281 3116 1375 3192 haee
1394 3116 1494 3194 ultro
1514 3119 1576 3195 cit-

452 3249 767 3339 roquegeruntur,
786 3238 1151 3336 loannesSzelestei,
1173 3243 1230 3317 vir
1249 3243 1431 3334 militaris,
1451 3245 1578 3320 etaui-

450 3388 557 3443 mosa
575 3367 697 3464 magis
717 3367 883 3458 audacia,
914 3390 1021 3464 quam
1041 3391 1132 3442 vera
1151 3369 1348 3467 prudentia
1366 3370 1505 3444 bellica
1523 3393 1578 3446 ce·

318 3537 321 3543 -
450 3491 578 3568 labris.
615 3492 656 3567 Is
681 3515 761 3568 cum
779 3516 853 3569 non
872 3492 1046 3586 exiguam
1066 3493 1226 3590 equitum
1255 3518 1300 3568 ac
1318 3493 1483 3591 peditum
1503 3519 1576 3572 ma·

450 3639 535 3695 num
561 3613 812 3694 Osanadinum
839 3639 956 3715 usque
984 3617 1118 3713 raptim
1154 3617 1355 3710 eduxisset,
1392 3617 1576 3716 insignem

450 3745 592 3823 cladem
611 3769 635 3820 a
652 3742 1028 3820 'Pimdsvariensibus
1048 3752 1255 3843 acceperat.
1279 3743 1362 3836 Qua
1380 3768 1421 3819 re
1439 3746 1577 3822 factum

453 3880 521 3962 est,
540 3881 581 3949 ut
599 3871 789 3948 sinistram
809 3871 854 3945 de
873 3892 918 3946 eo
938 3870 1185 3969 suspicionem
1206 3870 1338 3946 aemuli
1358 3869 1577 3948 eiusetcon-

452 3999 629 4099 ceperint,
649 4007 686 4075 et
705 3997 847 4098 passim
868 4020 1164 4095 quaquaversum
1180 3997 1435 4097 disperserint.
1476 3995 1577 4074 Sum-

354 4165 361 4179 ·
451 4149 511 4202 ma
529 4124 779 4202 accusationis
798 4124 892 4199 baec
909 4122 996 4199 fnit:
1017 4121 1238 4200 Scelestium
1247 4147 1333 4200 esse
1343 4123 1576 4228 temerarium

450 4251 643 4330 hominem,
663 4257 911 4346 arrogantem,
931 4250 1106 4342 uxorium,
1137 4229 1509 4327 commessationibus
1528 4249 1577 4324 in-

451 4376 683 4476 tempestivis
703 4374 875 4469 deditum,
905 4384 943 4452 et
962 4378 1060 4474 quod
1079 4376 1276 4452 maximum
1304 4385 1418 4470 esset,
1435 4378 1577 4452 clancu-

452 4501 569 4578 larias
606 4523 687 4578 cum
715 4502 840 4578 Bassa
869 4501 1176 4578 Tdmdsvariensi
1204 4501 1497 4580 machinationes
1533 4501 1576 4577 de

452 4627 574 4725 Lippa
584 4627 764 4703 Barbaris
776 4625 968 4726 prodenda
977 4627 1132 4724 agitare.
1162 4626 1206 4702 Id
1215 4649 1261 4702 ne
1272 4627 1387 4720 fieret,
1397 4627 1577 4725 primores

451 4753 613 4852 equitum
650 4763 761 4851 atque
799 4754 952 4830 militum
991 4755 1267 4830 communicatis
1296 4755 1392 4831 iuter
1421 4777 1464 4830 se
1485 4754 1576 4829 clam
