3625 5534
460 485 570 566 eta
879 509 929 561 10.
952 509 1054 560 nucu
1073 504 1222 561 arnovn
1280 591 1282 596 ,
1382 541 1387 548 -

806 750 982 834 CAPVT
1014 754 1284 848 QVARTVM.
1395 821 1399 840 ,

348 1010 355 1016 1
481 915 540 988 De
558 915 661 989 obdu
678 913 865 1012 Principis
884 915 936 989 od
953 914 1192 1014 thdolpbeeot
1214 915 1415 1012 Cursorem,
1444 933 1475 993 et
1492 926 1601 994 caesia

535 1042 578 1115 ob
596 1040 863 1116 rebellationem
883 1041 1135 1138 supplicioque
1155 1039 1294 1138 affectis
1308 1043 1552 1139 compluribus

977 1163 1125 1242 Siculis,

589 1330 720 1424 Itaque
740 1337 825 1426 post
844 1327 1037 1404 celebrata
1056 1324 1200 1403 Christi
1217 1327 1429 1406 Saluatoris
1439 1331 1602 1407 natalitia

485 1454 687 1552 assumptis
723 1476 847 1528 secum
877 1453 1020 1529 Achate
1049 1477 1116 1529 suo
1142 1451 1332 1553 Stephano
1360 1456 1388 1532 J
1389 1456 1496 1531 osika
1512 1454 1602 1532 Carr-

487 1580 652 1672 oellario,
671 1577 841 1678 Oesparo
861 1581 1005 1655 Kornis
1034 1589 1072 1656 et
1100 1580 1185 1655 aliis
1204 1582 1402 1676 nonnullis,
1431 1604 1601 1658 commen-

487 1708 649 1806 dataque
658 1703 782 1802 Regni
800 1729 889 1782 eura
900 1703 1157 1782 Christiernae
1176 1707 1321 1782 Mariae
1334 1707 1505 1801 consorti,
1524 1707 1600 1782 Ste-

484 1832 682 1931 phanoque
710 1831 910 1925 Boozkaio,
946 1833 1096 1908 mutatis
1135 1832 1182 1907 ad
1220 1815 1448 1910 solenitatem
1475 1835 1603 1930 ubique

483 1959 646 2033 locorum
664 1958 844 2046 iumentis,
874 1957 1057 2034 Viennam
1085 1957 1252 2054 primum,
1277 1983 1322 2033 ao
1341 1957 1426 2033 inde
1446 1958 1601 2056 Pragam

371 2131 380 2142 -
485 2085 674 2184 proiectus
695 2093 761 2160 est.
782 2085 934 2159 Interim
954 2085 1141 2178 nobilitas,
1156 2086 1266 2176 ,ouius
1285 2109 1331 2160 ea
1349 2109 1411 2162 res
1423 2087 1604 2178 intererat,

485 2211 635 2285 decreta
654 2208 881 2285 comitiorum
900 2209 1173 2308 subscriptione
1194 2209 1378 2308 Principis
1397 2211 1604 2287 confirmata

483 2337 521 2410 in
549 2335 718 2412 omnibus
739 2334 946 2412 Siculorum
975 2336 1125 2411 sedibus
1154 2331 1221 2434 (ita
1250 2346 1384 2411 vocant
1412 2346 1605 2413 conventus

485 2483 552 2536 seu
589 2458 798 2562 comitatus)
835 2463 974 2555 Maros,
1011 2462 1247 2560 Udvarhely,
1285 2460 1390 2555 Csik,
1420 2461 1605 2564 Gyergyd,

484 2587 653 2679 Ktsnon,
675 2586 818 2686 Suepsi,
837 2588 972 2679 szdi
993 2587 1121 2680 Orbai,
1149 2587 1297 2687 publice
1316 2588 1506 2665 recitanda
1524 2613 1601 2685 pro·

486 2710 760 2809 mulgendaque
780 2721 988 2806 curaverat,
1008 2736 1146 2811 eosque
1161 2737 1229 2812 per
1246 2714 1453 2790 ordinarios
1473 2715 1605 2790 sedium

485 2838 663 2930 notarios,
672 2840 808 2937 partim
814 2842 999 2938 precibus,
1009 2840 1261 2939 partimminis
1272 2840 1468 2916 adhortata
1479 2843 1604 2930 lucrat,

453 3023 458 3030 .
486 2973 526 3040 ut
544 2988 592 3040 ex
611 2966 843 3064 praescripto
863 2966 1050 3065 Principis
1071 2991 1115 3042 ac
1134 2967 1247 3043 totius
1266 2966 1389 3063 Regni
1409 2989 1511 3042 more
1529 2987 1605 3041 con-

486 3099 592 3168 sueto
611 3092 779 3189 pristinis
798 3094 877 3169 suis
896 3093 1053 3170 dominis
1073 3094 1211 3168 addicti
1230 3094 1362 3168 forent.
1394 3091 1511 3167 Siculi
1529 3115 1602 3167 curn

487 3240 556 3292 nec
574 3219 810 3309 bombardae,
829 3243 899 3295 nee
908 3227 1096 3318 tympana,
1117 3219 1329 3316 vexillaque
1348 3217 1528 3317 Princeps
1546 3217 1602 3292 ad·

486 3341 558 3418 huc
577 3343 632 3418 eis
652 3344 847 3421 adimenda
866 3351 1047 3437 curasset,
1076 3344 1229 3420 credere
1256 3343 1357 3419 nullo
1377 3351 1487 3442 paeto
1507 3353 1600 3440 pote·

485 3475 580 3561 rant,
600 3490 642 3542 se
661 3469 848 3544 voluntate
868 3471 948 3546 eius
966 3470 1087 3564 redigi
1106 3470 1142 3543 in
1171 3469 1365 3567 pristinam
1390 3471 1605 3546 servitutem.
1724 3463 1725 3468 ‘

486 3591 648 3669 Proinde
675 3594 786 3670 factis
806 3595 1037 3686 coitionibus,
1058 3617 1139 3670 eum
1156 3593 1339 3668 interdum
1358 3593 1488 3669 literas
1509 3593 1605 3669 Prin·

488 3719 581 3817 cipis
601 3721 809 3796 eonomine
829 3722 989 3819 scriptas
1019 3693 1271 3817 efflagitarent
1296 3743 1318 3793 a
1337 3715 1541 3812 nobilitate,
1557 3721 1604 3794 in-

486 3845 630 3921 terdum
650 3869 732 3922 oum
760 3846 966 3924 iuramento
987 3846 1151 3946 Principi
1179 3845 1360 3942 praestito
1380 3867 1604 3944 nequaqnam

488 3992 531 4045 se
550 3972 784 4048 discessuros
813 3982 1068 4051 causarentur:
1097 3973 1244 4049 tandem
1272 3993 1344 4047 uno
1374 3993 1500 4047 omnes
1530 3995 1605 4048 con·

489 4117 612 4188 sensu,
632 4099 732 4174 facta
750 4100 846 4174 olam
856 4100 1132 4198 conspiratione
1142 4099 1361 4174 decernunt:
1380 4119 1606 4196 nequaquam

486 4223 674 4299 nobilitati
691 4247 829 4301 morem
850 4227 1062 4323 gerendum,
1083 4224 1150 4302 sed
1179 4225 1250 4301 soli
1269 4221 1434 4320 Principi
1462 4244 1606 4320 operam

488 4350 762 4448 praestandam,
792 4349 903 4427 malle
933 4375 974 4429 se
1003 4351 1137 4426 millies
1173 4349 1276 4442 mori,
1310 4369 1420 4446 quam
1447 4345 1606 4444 pristinis

489 4474 659 4551 Dominis
680 4476 962 4570 obsecundare,¹
978 4499 1130 4574 qnorum
1149 4481 1291 4550 tantam
1320 4472 1358 4547 in
1378 4495 1420 4548 se
1440 4471 1607 4549 earnifici-

490 4623 574 4675 nam
594 4611 631 4676 et
648 4601 792 4700 pridem
812 4603 956 4701 experti
975 4602 1142 4690 fuissent,
1164 4608 1201 4675 et
1214 4601 1327 4675 multo
1347 4599 1467 4696 magis
1487 4621 1607 4700 exper-

489 4725 562 4799 turi
582 4725 961 4823 imposterumlorent,
983 4727 1174 4824 satiusque
1193 4725 1285 4814 iore,
1306 4733 1345 4800 ut
1355 4733 1484 4823 aperto
1495 4727 1609 4802 Marte
