3625 5534
477 460 553 537 144
657 471 665 488 '
876 483 924 532 ro.
944 480 1046 530 nucu
1063 480 1213 532 nsaovu

471 669 563 736 rent.
582 657 657 734 Sed
675 679 745 733 nos
763 679 832 755 pro
850 656 1108 731 incertitudine
1137 655 1192 731 rei
1219 654 1258 728 iu
1286 654 1397 736 dubio
1424 655 1519 732 baec
1541 679 1599 731 re

472 785 680 884 linquimus.
709 779 878 876 Gerous,
906 806 953 858 ne
981 781 1160 880 temporis
1178 781 1326 869 nnuma,
1353 791 1595 858 commeatus·

472 937 543 1011 que
562 909 718 1011 penuria
736 907 903 984 homines
921 908 1064 1007 pariter
1091 930 1136 983 ac
1163 908 1326 984 iumenta
1350 909 1492 985 frustm
1512 933 1601 986 cou-

473 1041 679 1132 ficerentnr,
698 1033 1132 1111 incolumemexarcitum
1151 1032 1280 1132 paucis
1303 1034 1453 1110 amissis
1468 1035 1517 1110 ad
1537 1059 1599 1108 na·

471 1163 593 1240 tulitin
611 1160 823 1238 Servatoris
842 1159 988 1235 domurn
1005 1159 1162 1235 reduxit.
1181 1159 1241 1236 Ne
1259 1166 1384 1236 tamen
1401 1162 1496 1236 fines
1513 1183 1600 1258 pro·

472 1291 617 1366 vinciae
635 1291 683 1366 ob
700 1289 907 1363 discessum
926 1285 1116 1384 copiarum
1134 1284 1307 1362 hostibus
1326 1294 1509 1384 paterent,
1529 1286 1600 1361 cir-

472 1419 563 1494 citer
591 1416 662 1493 dno
691 1424 767 1490 tam
797 1412 959 1511 equitum
989 1436 1098 1510 quam
1117 1412 1282 1510 peditum
1301 1412 1419 1486 millia
1436 1437 1484 1487 ex
1500 1413 1601 1488 omni

472 1565 623 1618 numero
643 1539 782 1637 seligit,
802 1561 920 1636 eaque
939 1538 978 1612 in
996 1536 1198 1636 praesidiis
1228 1537 1499 1614 circumvicinis
1527 1538 1601 1613 col-

472 1671 582 1743 locat.
602 1667 664 1758 Hi,
684 1687 765 1739 cum
783 1685 856 1738 nou
875 1663 1006 1761 procul
1032 1664 1278 1737 Tartarorum
1306 1671 1434 1738 castra
1462 1665 1599 1739 abesse

471 1794 748 1889 cognovissent,
769 1789 861 1866 duce
880 1787 1065 1865 Michaele
1084 1788 1257 1886 Kopeezi
1294 1790 1332 1863 iu
1361 1810 1427 1864 eos
1444 1789 1600 1880 irruunt,

470 1927 507 1994 et
534 1917 783 2017 compluribus
812 1915 918 2015 equis
945 1916 1068 2014 captis
1091 1917 1276 1992 Tartarus
1307 1913 1344 1988 in
1362 1916 1493 2012 fugam
1513 1941 1597 1992 ver-

451 2031 559 2122 tunt.
579 2045 638 2120 Ne
657 2051 780 2119 tamen
799 2043 917 2120 maior
934 2042 989 2117 eis
999 2049 1149 2137 strages
1160 2041 1368 2134 afferretur,
1388 2041 1597 2118 inconsulto

467 2179 776 2271 praematuroqne
803 2176 1013 2244 nostrorum
1050 2170 1213 2242 clamore
1241 2167 1380 2242 factum
1407 2167 1490 2264 fuit,
1526 2191 1598 2265 quo

468 2297 628 2372 Barbari
665 2296 788 2388 exciti,
826 2319 899 2394 qua
936 2294 1067 2392 cuique
1104 2294 1309 2393 proximum
1345 2294 1435 2388 fuit,
1472 2297 1595 2372 subito

469 2423 701 2519 diffugerant.

945 2613 1121 2622 ”mun-

721 2891 726 2898 f
790 2793 967 2871 oarvn
997 2793 1268 2887 ovnarvru.

474 2997 526 3068 De
566 2994 762 3088 desectione
800 2992 1073 3085 Moldaoorum,
1120 3019 1164 3065 oc
1204 2991 1531 3092 Tbousolpiuoruua
1567 3023 1591 3066 o

500 3115 651 3194 liureico
671 3120 841 3215 Imperio,
856 3120 1076 3214 foedereque
1094 3145 1176 3191 eum
1199 3117 1461 3217 Trausylouuia
1480 3123 1563 3192 icto.

574 3299 733 3376 Praerat
751 3322 795 3374 eo
815 3306 991 3396 tempore,
1012 3321 1083 3396 quo
1113 3297 1207 3376 haec
1233 3301 1472 3395 gerebantur,
1500 3300 1593 3375 Mol·

468 3425 574 3501 davis
594 3427 741 3523 quidam
761 3425 897 3517 Aaron,
919 3424 965 3499 de
984 3447 1055 3522 quo
1076 3425 1225 3523 copiose
1242 3448 1357 3524 snpra
1378 3427 1592 3502 dictumest.

468 3553 732 3653 Transalpinis
752 3578 840 3630 vero
861 3551 1024 3629 Michael
1043 3550 1239 3629 Palatinus
1258 3550 1382 3653 (quem
1410 3554 1484 3653 ipsi
1503 3555 1592 3649 Vaj-

467 3681 599 3756 vodam
618 3673 834 3778 appellant),
855 3686 893 3754 ct
912 3701 1021 3754 manu
1041 3685 1224 3770 strenuus,
1250 3686 1287 3753 et
1309 3679 1515 3778 prudentia,
1536 3703 1592 3753 re·

467 3830 620 3904 rumque
633 3799 1592 3904 experientia⁴²)praestans.liparumspontesuatot

468 3933 645 4010 malorum
657 3940 695 4008 et
706 3931 972 4030 expilationum
989 3931 1165 4029 pertaesi,
1176 3933 1311 4030 partim
1322 3954 1411 4005 vero
1419 3932 1589 4030 exemplo

465 4058 775 4154 suasionibusque
784 4055 971 4154 Principis
981 4055 1285 4154 Transylvauiae
1295 4058 1456 4148 adducti,
1468 4081 1590 4156 quam·

466 4184 522 4260 vis
550 4185 735 4262 laurinum
772 4183 845 4260 iam
875 4209 897 4258 a
926 4183 1108 4259 Barbaris
1137 4191 1283 4282 captum
1314 4184 1588 4280 cognovissent,

463 4319 585 4387 tamen
610 4309 662 4401 ⁴⁵)
692 4311 857 4386 consiliis
885 4313 981 4387 elam
1010 4310 1298 4405 communicatis,
1326 4335 1350 4385 a
1377 4310 1466 4406 iugo
1496 4312 1587 4385 Tur·

470 4471 481 4478 m
500 4473 507 4480 a
523 4473 672 4481 --u-...n-—un

571 4540 607 4610 ‘²)
643 4541 663 4594 l}
695 4540 746 4596 luit
774 4541 824 4595 azo
856 4541 967 4612 helyett
995 4539 1140 4596 Koa-nil:
1173 4541 1383 4611 multarumque
1427 4540 1586 4613 linguarum

469 4631 639 4698 cognitione.

572 4719 640 4789 ⁴¹)ss
655 4723 704 4775 sub
729 4720 856 4776 Koa-mil
870 4725 960 4777 uiues.
