3625 5534
661 460 856 527 n‘snnunlr.
1243 467 1321 532 LIII

218 655 287 727 luce
312 647 488 726 homiuum
526 671 571 722 ao
591 646 739 745 publiea
769 645 948 718 societate
986 647 1135 742 generis
1171 649 1321 726 humani

215 783 364 866 uadunt,
376 775 476 850 etad
488 797 707 860 ususrerum
719 773 950 872 publicarum
971 774 1160 872 sapienter
1181 799 1320 854 accom-

217 905 352 980 modant.
382 903 433 976 Et
452 908 554 976 certe
573 901 671 976 luris
700 899 868 975 doctrina
887 922 967 974 cum
987 900 1064 1005 alia
1082 903 1205 977 omnia
1225 913 1320 980 trac·

216 1041 263 1108 tat
279 1033 378 1128 longe
407 1030 558 1105 uberius
588 1027 786 1118 aemilius,
808 1050 917 1124 quam
945 1028 1111 1125 practica
1130 1052 1222 1127 pars
1241 1031 1320 1129 phi-

216 1157 399 1257 losophiae,
427 1162 503 1230 tum
531 1154 687 1228 maxime
716 1152 905 1243 iustitiam,
924 1153 1096 1228 virtutem
1115 1153 1217 1228 illam
1237 1155 1320 1254 ipso

215 1286 350 1362 luollcro
369 1281 668 1384 splendidiorem,
689 1306 712 1356 a
732 1304 805 1378 qua
824 1288 1000 1377 tanquam
1020 1282 1162 1357 rivulus
1180 1284 1321 1360 uberri-

216 1435 284 1488 mus
302 1411 497 1501 derivatur,
517 1408 664 1484 etcuius
678 1431 842 1482 normam
863 1432 908 1482 ao
923 1407 1134 1505 analogiam
1152 1409 1189 1483 in
1209 1410 1322 1486 omni-

215 1539 275 1612 bns
292 1535 498 1637 praeceptis
526 1558 571 1610 ac
599 1533 747 1630 legibus
776 1533 954 1630 sequitur.
984 1533 1144 1608 Proinde
1165 1556 1238 1608 non
1256 1535 1321 1610 im·

215 1666 327 1741 merito
343 1661 484 1738 Iudicat
500 1683 638 1759 parens
660 1659 893 1758 eloquentiae
912 1683 984 1735 uno
1005 1661 1081 1737 XlI
1111 1660 1321 1737 tabularum

214 1790 325 1864 libello
353 1811 481 1863 omnes
510 1785 814 1885 philosophorum
844 1786 1091 1862 bibliothecas
1109 1794 1148 1861 et
1165 1788 1322 1862 auctori·

215 1915 289 1989 talis
313 1914 476 2013 pondere
503 1922 541 1988 et
566 1913 737 1988 utilitatis
757 1912 927 1988 ubertate
953 1914 1133 2010 superari.
1171 1913 1223 1988 Et
1240 1937 1322 1989 eam

215 2041 255 2114 ob
280 2063 425 2115 causam
463 2039 578 2114 refert
606 2038 703 2114 idem
732 2038 1116 2135 eloquentissimorum
1146 2039 1321 2116 Inreoon·

216 2167 319 2242 sultns
347 2190 448 2242 more
485 2165 583 2265 apud
612 2166 799 2242 Romanos
827 2188 899 2240 non
928 2163 1106 2240 illaudato
1130 2167 1247 2241 fuisse
1265 2189 1321 2242 re-

216 2303 351 2392 ceptum,
371 2299 412 2368 ut
430 2299 631 2391 praecepta
660 2291 738 2366 XII
768 2291 976 2366 tabularum
1003 2315 1076 2366 non
1096 2314 1206 2367 secus
1225 2291 1322 2368 edis·

217 2427 329 2494 cerent
345 2419 462 2518 pueri,
492 2443 536 2493 ac
556 2418 654 2517 apud
673 2441 741 2492 nos
760 2417 881 2492 solent
900 2417 1020 2516 prima
1038 2417 1227 2494 literarum
1248 2419 1321 2495 ele·
1384 2511 1392 2522 ς

216 2555 323 2621 menta
341 2546 541 2622 memoriae
559 2544 737 2620 mandari.
762 2546 955 2620 Malebant
973 2546 1069 2620 enlm
1089 2544 1214 2621 doceri
1233 2569 1322 2623 suos

215 2673 338 2748 liberos
365 2696 437 2747 non
461 2671 620 2770 prolixis
656 2669 957 2770 philosophorum
997 2670 1321 2770 disputationibus¹

217 2799 273 2872 sod
290 2799 506 2874 auctoritate
524 2805 686 2894 nutuque
713 2798 836 2894 legum
857 2795 1014 2874 domitas
1038 2799 1178 2876 habere
1198 2801 1320 2876 libidi-

217 2949 280 3016 nes,
308 2947 479 3001 coercere
502 2924 734 3022 cupiditates,
764 2924 944 2999 neminem
971 2924 1133 3019 laedere,
1165 2926 1321 3004 honeste

217 3053 334 3146 vivere,
364 3075 469 3129 suum
491 3051 623 3149 cuique
651 3051 824 3138 tribuere,
854 3052 902 3126 ab
923 3051 1056 3126 alienis
1074 3062 1226 3145 mentes,
1246 3077 1321 3129 ma-

216 3203 281 3272 nns,
307 3203 352 3256 ao
378 3178 507 3255 oculos
534 3177 733 3254 abstinere.
771 3176 1020 3270 Quamobrem
1048 3202 1121 3254 non
1140 3181 1321 3256 immerIto

217 3305 343 3384 videtur
371 3306 483 3381 etiam
519 3313 647 3380 nostra
684 3311 904 3402 tempestate
934 3305 1028 3382 haec
1064 3307 1221 3383 scientia
1248 3332 1322 3385 non

216 3441 337 3510 tantum
358 3458 380 3510 e
400 3429 537 3507 scholis
565 3454 638 3506 non
667 3431 900 3529 explodenda
924 3457 969 3508 ac
987 3433 1222 3528 eliminanda,
1253 3435 1321 3511 sed

218 3558 311 3634 etiam
347 3581 496 3657 semper
532 3555 772 3654 explicanda,
811 3581 856 3632 ao
898 3555 1067 3633 Politiois
1104 3559 1322 3660 Ethicisque

218 3687 424 3787 praereptis,
453 3692 629 3781 tanquam
658 3705 780 3758 eornm
810 3683 1002 3782 fastigium
1030 3710 1075 3760 ac
1094 3709 1323 3764 consumma·

218 3813 269 3906 tio,
285 3812 529 3910 adiungenda.
568 3810 675 3903 Quod
695 3812 729 3886 si
756 3813 871 3898 fieret,
900 3812 1019 3889 minus
1048 3822 1148 3890 certe
1168 3815 1322 3890 habere-

218 3963 285 4016 nns
301 3941 549 4041 imperitorum
579 3936 737 4013 indicum
757 3961 803 4013 ac
822 3947 1110 4036 procuratorum,
1131 3941 1194 4037 qni
1214 3939 1322 4038 quasi

219 4070 286 4144 sola
303 4093 348 4144 ex
376 4067 546 4143 omnibns
570 4063 783 4164 Sapientiae
812 4066 989 4143 doctricis
1027 4065 1321 4166 Inrisprudentia

218 4217 276 4272 non
293 4193 468 4270 discenda
493 4191 600 4284 foret,
628 4191 681 4266 ita
700 4191 780 4268 sine
813 4194 912 4268 omni
940 4192 1086 4269 liberali
1115 4191 1321 4268 eruditione

219 4343 254 4396 m
268 4322 355 4398 iuris
375 4318 585 4418 cognitione
613 4316 661 4393 ad
689 4320 883 4394 tractanda
911 4319 1044 4395 iudicia
1070 4326 1320 4418 prorumpunt.

309 4444 444 4522 Sedet
471 4443 695 4522 Oratoribus
724 4467 1013 4542 magnarumque
1041 4467 1162 4520 rerum
1190 4467 1320 4545 procn-

220 4575 388 4650 ratoribns
408 4596 453 4647 ac
480 4572 616 4670 legatis
644 4572 872 4670 prudentiam
900 4571 992 4648 iuris
1021 4571 1144 4647 civilis
1162 4571 1320 4648 maxIme

219 4701 451 4778 necessariam
480 4721 566 4776 esse
585 4699 695 4797 longo
715 4699 798 4802 ipse
825 4699 1023 4782 oratorum
1043 4697 1223 4802 Princeps
1242 4723 1320 4777 ser·
