3625 5534
496 496 543 545 nn
562 495 641 546 uns.
660 493 744 545 vra.
763 493 846 545 nnc.
867 495 902 544 x.
922 494 954 544 n.
976 493 1023 544 rv.
1136 493 1140 500 ·
1277 463 1327 539 75

206 681 310 762 caret,
329 695 354 744 a
373 670 495 746 Bassa
514 671 655 744 demum
673 669 848 759 Budensi,
869 667 931 765 qui
951 667 1113 756 multum,
1134 673 1171 740 et
1190 662 1327 738 nomini

206 821 277 877 suo,
296 796 422 893 magni
440 795 542 871 illius
562 794 793 887 Mahometis,
815 794 876 891 qui
896 792 1006 867 trium
1017 788 1221 866 Caesarum
1232 812 1326 866 sum-

211 945 283 996 mus
300 917 460 995 Consilii
481 919 641 994 Praeses
657 918 802 1011 fuisset,
821 918 935 993 filium
951 941 992 992 se
1011 915 1195 1008 iactando,
1215 923 1252 990 et
1271 938 1327 990 re·

213 1046 273 1120 bus
291 1052 403 1120 antea
421 1044 547 1141 gestis.
570 1051 607 1119 et
624 1042 794 1119 felicitati
814 1043 1004 1132 tribueret,
1025 1049 1211 1134 exoratus,
1232 1063 1327 1115 com·

209 1171 375 1245 nendata
393 1170 474 1244 eius
493 1168 580 1244 fidei
597 1170 724 1274 finium
751 1169 906 1266 primum
937 1191 1037 1260 cura,
1069 1167 1273 1264 relictaque
1292 1167 1326 1240 ei

209 1295 345 1391 potiore
365 1317 446 1369 cnm
466 1295 652 1392 equitatus
671 1295 740 1386 sui,
759 1301 834 1370 tum
863 1294 1051 1392 peditatus
1080 1292 1190 1367 etiarn
1209 1301 1328 1390 parte,

207 1421 280 1517 ipse
299 1443 381 1494 cum
400 1419 543 1516 reliquo
563 1419 738 1509 exercitu,
758 1420 906 1515 filioque
931 1418 1154 1509 Bellerbeio,
1183 1417 1324 1503 eodem,

207 1567 272 1641 quo
290 1553 455 1636 venerat,
475 1543 606 1618 itinere
625 1545 674 1618 ad
693 1545 920 1641 Belgradum
950 1545 986 1617 in
1016 1544 1185 1641 hyberna
1206 1543 1327 1618 redire

209 1670 339 1744 statuit.
379 1672 458 1744 Iam
487 1676 596 1744 autea
625 1669 781 1766 Vngari,
810 1669 958 1745 amissis
977 1676 1033 1745 tot
1061 1669 1099 1743 in
1127 1667 1328 1745 Sclaronia

210 1817 297 1869 anno
316 1795 508 1892 superiore
528 1796 687 1888 arcibus,
706 1795 935 1894 periculique
954 1796 1217 1892 magnitudine,
1230 1819 1325 1893 quae

209 1921 341 1996 cunctis
362 1944 435 1995 non
453 1942 571 2013 secus,
602 1945 646 1996 ac
675 1923 708 1996 si
737 1927 905 1997 extrema
934 1922 1007 1996 iam
1026 1922 1193 1996 omnibus
1212 1922 1327 1996 immi·

208 2052 337 2137 nerent,
357 2047 407 2122 ob
426 2042 556 2122 oculos
576 2055 657 2122 erat
681 2048 825 2145 posita,
863 2048 994 2135 coacti,
1017 2048 1066 2121 ad
1092 2046 1326 2145 Rodolphum

209 2166 400 2246 Caesarem
416 2173 604 2246 solennem
632 2173 857 2268 legationem
884 2173 1132 2264 instituerant,
1161 2196 1244 2270 qua,
1265 2178 1326 2268 qui

209 2296 297 2391 apud
316 2321 397 2372 eum
417 2298 668 2394 fungerentur,
688 2299 790 2373 viros
808 2298 892 2392 fide,
913 2300 1169 2397 charitateque
1190 2297 1228 2372 in
1247 2305 1327 2395 pat-

207 2419 290 2493 riam
315 2421 506 2516 insignes,
526 2421 768 2497 franciscum
792 2423 1035 2515 Nadasdinm,
1064 2433 1102 2499 et
1130 2422 1325 2498 Nicolaum

211 2543 381 2638 Ptlffium,
419 2546 546 2623 addito
573 2548 628 2623 eis
657 2549 846 2648 Episcopo
875 2549 1058 2634 lauriensi
1077 2546 1325 2638 Cancellario,

213 2671 269 2765 qui
285 2671 382 2769 apud
402 2668 605 2748 Caesarem
623 2679 710 2748 tunc
728 2695 858 2749 munus
883 2696 988 2748 suum
1017 2673 1155 2764 obibat,
1177 2671 1327 2768 delege-

211 2803 297 2888 rant,
335 2798 466 2893 quibus
494 2799 769 2896 interpretibus,
810 2822 904 2897 quae
933 2800 1092 2874 maxime
1121 2798 1327 2872 conducere

212 2920 349 2996 afflictis
367 2945 494 2998 eornm
512 2925 625 2999 rebus
645 2925 917 3014 existimabant,
938 2923 1046 3000 fidem
1066 2920 1255 3016 Caesaris,
1265 2947 1327 2998 ne·

213 3047 403 3124 cessaiam
441 3058 569 3126 contra
614 3051 744 3126 hostes
783 3050 1035 3126 defensionem
1067 3049 1324 3145 implorabant.

214 3171 321 3263 Quem
340 3183 379 3249 nt
396 3176 518 3272 magis
537 3184 805 3274 permoverent,
825 3177 863 3250 in
882 3186 956 3250 tam
974 3175 1164 3274 praesenti
1183 3174 1327 3272 patriae

208 3293 1321 3396 discrimine,mitioraetiamnumconsiliaanimoversandam),

210 3445 316 3520 usque
335 3448 376 3501 eo
396 3427 564 3524 provecti
584 3427 705 3510 studio
725 3430 850 3503 fuere.
889 3435 929 3502 ut
957 3427 1080 3524 palam
1108 3424 1323 3514 indicarent,

214 3547 243 3620 si
260 3571 300 3622 se
327 3550 495 3627 desertos
523 3551 779 3628 crudelissimo
808 3553 907 3627 hosti
936 3551 1172 3640 lacerandos,
1210 3550 1324 3624 confi-

211 3673 423 3774 ciendosque
442 3677 678 3775 relinqueret,
698 3679 797 3775 quod
815 3678 985 3752 omnibus
1000 3675 1248 3750 animantibus
1259 3697 1326 3749 ua-

212 3805 288 3873 tura
304 3801 454 3877 inditum
474 3812 595 3892 esset,
632 3810 673 3879 ut
693 3803 861 3879 subsidia
888 3802 1009 3891 vitae,
1046 3800 1142 3876 unde
1161 3808 1326 3899 possent,

213 3929 378 4018 peterent,
400 3925 438 3999 id
457 3948 499 4001 se
519 3948 664 4024 quoque
676 3927 883 4002 inevitabili
902 3926 1000 4001 malo
1021 3924 1175 4000 adactos
1196 3948 1326 4022 exper-

211 4055 315 4141 turos,
334 4051 604 4151 impetrataque
631 4053 894 4146 incolumitate,
925 4053 1037 4128 certis
1066 4052 1213 4148 legibus
1246 4073 1325 4124 cum

215 4173 330 4251 Turea
348 4186 612 4254 transacturos.
653 4181 750 4256 Dum
779 4180 872 4256 haec
890 4179 1040 4274 Pragae
1069 4184 1326 4264 tractarentur,

210 4319 251 4371 ea
266 4303 420 4378 omnium
439 4305 691 4402 persuasione,
713 4305 847 4381 Turcis
867 4328 913 4380 eo
934 4324 1029 4378 anno
1048 4301 1205 4399 gerendi
1232 4302 1324 4376 belli

212 4443 344 4500 omnem
361 4428 432 4501 iam
457 4429 672 4506 facultatem
701 4453 786 4506 esse
814 4429 1045 4528 praecisam,
1082 4432 1237 4524 repente
1261 4427 1324 4501 alii

212 4568 313 4646 super
331 4552 423 4629 alios
442 4555 563 4631 nuncii
593 4557 824 4646 advolantes,
854 4556 972 4655 primo
1002 4551 1324 4650 Constantinopoli

212 4667 373 4750 Sinanum
392 4679 440 4754 ad
468 4681 606 4770 bellum
636 4683 864 4782 Vngaricum
893 4703 975 4759 oum
1006 4679 1179 4759 exercitu.
1198 4701 1325 4779 egres·
